2910 5056
671 1071 700 1138 I.

410 1213 514 1280 Vitae
536 1211 723 1297 Apollonii
745 1212 783 1294 οῖ
805 1211 1002 1279 Ηοεοδίοοί

199 1371 460 1450 Ἀπολλώνιος
484 1362 581 1451 οὗτος
601 1368 834 1457 Ἀλεξανδρεὺς
852 1369 913 1456 μὲν
933 1363 977 1457 ἦν
999 1370 1037 1438 τὸ
1062 1373 1174 1456 γένος,
1198 1391 1258 1457 μη-

109 1478 190 1564 τρός
218 1479 279 1566 μὲν
308 1478 498 1567 Ἀριάδνης,
530 1476 655 1566 πατρὸς
685 1476 721 1545 δέ
751 1479 963 1563 Μνησιθέου.
1013 1481 1086 1565 ἔσχε
1115 1477 1151 1546 δέ
1180 1476 1256 1546 νίόν

105 1583 323 1671 Ἡρωδιανὸν
346 1585 583 1675 γραμματικόν.
629 1583 706 1676 ᾤκει
731 1583 768 1652 δὲ
790 1585 826 1652 ἐν
844 1589 889 1675 τῷ
910 1589 1084 1675 Προυχείῳ
1103 1584 1179 1672 περὶ
1197 1583 1257 1652 τὸν

111 1692 241 1780 δρόμον
275 1695 311 1761 ἐν
343 1693 434 1784 τόπῳ
467 1691 552 1761 οὕτω
580 1692 775 1782 καλουμένῳ
804 1692 879 1776 περὶ
906 1690 967 1778 την
994 1689 1257 1779 Ἀλεξάνδρειαν,

111 1804 199 1867 ἔνθα
227 1800 283 1867 καλ
311 1799 426 1887 ἐτάφη.
473 1805 595 1887 ἔγραφε
624 1799 660 1866 δὲ
686 1798 741 1865 καλ
764 1799 930 1883 περὶτῶν
955 1795 1039 1866 ὀκτώ
1062 1802 1174 1886 μερών
1197 1801 1284 1874 τοῦς

110 1908 216 1993 λόγου
249 1908 303 1974 καὶ
331 1907 406 1993 περὶ
437 1906 631 1988 συντάξεως.
683 1903 808 1990 ἐκλήθη
830 1905 867 1971 δὲ
891 1904 1081 1991 Δύσκολος,
1110 1905 1180 1972 ἐπεὶ
1202 1905 1258 1972 καλ

112 2013 276 2101 δυσχερής
313 2015 381 2081 ἐστι
414 2012 495 2081 κατά
529 2012 591 2099 τὴν
624 2012 751 2099 φράσιν
785 2009 845 2100 (δι’
881 2009 1004 2098 ὀλίγων
1038 2011 1101 2099 γὰρ
1135 2013 1257 2093 λέξεων

110 2119 220 2186 πολλὰ
244 2125 387 2210 παριστᾷ
410 2119 575 2209 νοήματα)
600 2115 620 2205 ἢ
645 2117 695 2187 ὅτι
714 2117 919 2205 κακότροπος
944 2112 998 2204 ἦν,
1021 2115 1042 2205 ἢ
1062 2118 1113 2189 ὅτι
1132 2122 1170 2188 ἐν
1186 2133 1259 2199 ταῖς

90 2231 315 2312 -γυμνασίαις
347 2225 533 2304 δυσλύτους
564 2223 706 2313 ἀπορίας
738 2231 858 2312 ἔλεγεν.
905 2231 985 2304 ἔθος
1016 2225 1080 2313 γάρ
1112 2218 1156 2314 ἦν
1187 2241 1259 2307 τοῖς

111 2329 267 2420 ἄρχαίοις
295 2347 429 2419 σοφοῖς,
456 2338 504 2412 είς
532 2335 590 2400 ἕνα
618 2331 723 2401 τόπον
749 2333 972 2420 συνέρχεσθαι
995 2334 1050 2399 καλ
1074 2339 1259 2421 γυμνασίας
1273 2369 1298 2406 ιο

110 2437 212 2526 χάριν
239 2438 494 2527 αἰνιγματώδεις
522 2437 615 2518 τινάς
643 2439 697 2506 καὶ
726 2437 865 2525 ἀσαφεῖς
892 2438 1258 2527 λόγουςφθέγγεσθαι.

109 2551 275 2616 τοσοῦτον
305 2546 342 2615 δὲ
372 2538 413 2634 ἦν
440 2549 542 2631 πένης
570 2542 846 2632 δἈπολλώνιος,
875 2543 920 2626 ὡς
945 2548 982 2613 ἐν
1006 2544 1156 2638 ὀστράκῳ
1180 2546 1257 2635 γρά-

110 2679 192 2739 φειν
221 2655 260 2721 τὰ
295 2654 416 2720 ἑαυτοῦ
449 2650 690 2738 συγγράμματα
724 2651 779 2719 διὰ
812 2651 850 2720 τὸ
879 2651 924 2739 μὴ
953 2652 1108 2737 εὐπορεῖν
1136 2653 1259 2742 χάρτας

112 2765 288 2847 πρίασθαι.
335 2763 508 2828 ἐπαίδευσε
538 2759 575 2826 δέ
597 2757 658 2827 τὸν
682 2757 760 2826 υίὸν
783 2756 888 2827 αὑτοῦ
906 2757 1119 2847 Ἡρωδιαυὸν
1141 2763 1258 2827 τοσοῦ-

108 2893 190 2952 τον,
218 2865 299 2935 ὅσον
327 2867 368 2934 τδι
397 2867 473 2953 τέλη
496 2870 555 2953 τῆς
578 2865 783 2945 παιδεύσεως
806 2866 966 2952 εἰληφότα
989 2864 1174 2954 ἀποστῆναι
1198 2864 1254 2934 ἀπ’
1273 2899 1298 2939 15
1398 2902 1400 2905 ·

109 2971 220 3042 αὐτοῦ
258 2972 314 3041 διὰ
346 2971 384 3040 τὸ
419 2975 551 3040 ἐκείνου
584 2969 730 3058 σκληρὸν
762 2967 783 3057 ἢ
817 2970 872 3039 διά
903 2970 940 3039 τὸ
973 2971 1138 3060 μητρυιάν
1168 2969 1256 3063 αὐτῷ

108 3083 352 3168 ἐπεισαγαγεῖν.
397 3077 535 3165 ἄφίκετο
565 3077 601 3145 δὲ
629 3082 676 3157 είς
698 3074 828 3166 Ῥώμην
857 3080 909 3146 ε’πλ
941 3078 1086 3167 Μάρκου
1107 3076 1257 3148 Ἀντωνί-

108 3213 180 3256 νου
201 3187 269 3271 [καὶ
293 3188 474 3273 διέγραφεν
497 3186 600 3252 ἐκεῖσε
622 3183 664 3252 τά
685 3183 856 3269 κάλλιστα]
881 3185 936 3253 καὶ
954 3189 1117 3254 τοσοῦτον
1136 3183 1257 3272 <ηὐδο-

107 3296 291 3380 κίμησεν>,
316 3291 398 3361 ὅσον
417 3292 472 3360 καὶ
492 3297 590 3377 φίλος
607 3294 652 3382 τῳ
672 3289 803 3382 Μάρκῳ
826 3293 972 3378 γέγονεν.
1010 3297 1095 3360 ἔνθα
1118 3293 1174 3360 καὶ
1196 3290 1257 3379 τὴν

187 3514 200 3561 1
221 3503 235 3561 δ
250 3501 423 3576 Ἡρωδιανὸς
441 3502 503 3566 υίὸς
517 3504 569 3575 μὲν
584 3504 702 3574 γέγονεν
718 3500 898 3561 Ἀπολλωνίου
913 3501 1030 3576 ἐπίκλην
1045 3502 1192 3562 Δυσκόλου
1206 3507 1257 3561 τοῦ

106 3587 162 3645 καλ
181 3585 221 3649 εἰς
239 3584 273 3641 τά
289 3582 361 3642 ὀκτώ
377 3585 448 3656 μέρη
462 3584 701 3655 σνγγραφαμένου
721 3585 770 3640 καλ
788 3584 829 3648 είς
847 3582 897 3654 τὴν
913 3583 1052 3651 σύνταξιν.
1080 3586 1118 3640 τώ
1133 3584 1210 3655 γένει
1225 3585 1256 3642 δὲ

105 3659 149 3752 ἦν
166 3663 360 3737 Ἀλεξανδρεὺς
382 3665 432 3721 καλ
454 3661 523 3738 ᾤκει
547 3661 578 3720 ἐν
598 3669 650 3735 Πρ.
671 3698 702 3706 -
726 3662 826 3734 ἐτάφη.
864 3660 971 3734 ἐκλήθη
995 3663 1028 3719 δὲ
1051 3642 1144 3735 παέηρ
1169 3661 1258 3720 αὐτοῦ

103 3744 165 3803 'Am
185 3751 271 3803 Δυσκ.
291 3764 349 3815 seq.
365 3747 430 3800 Ραν.
450 3745 548 3813 inquo
564 3746 665 3800 desunt
679 3739 760 3809 οὗτος
772 3742 818 3801 ’AL
834 3777 868 3786 —
883 3744 1053 3814 Μνησιθέου
1108 3751 1124 3799 3
1143 3746 1176 3816 τῇ
1192 3749 1257 3800 ante

108 3828 261 3897 Προυχείῳ
281 3826 345 3881 add.
366 3826 427 3880 cod.
447 3826 525 3895 sylb.
546 3844 599 3881 om.
617 3829 685 3882 Par.
708 3827 747 3900 τῷ
766 3825 866 3896 scripsi
937 3832 953 3880 6
974 3821 1072 3894 ἐπειδὴ
1092 3827 1170 3895 δυσχ.
1189 3827 1256 3880 Ραν.

107 3915 125 3963 7
149 3902 202 3975 γάρ
221 3906 281 3962 cod.
298 3906 383 3976 Sym,
403 3904 434 3960 δέ
454 3905 529 3976 Sylb.
585 3912 601 3961 8
621 3903 652 3962 ἐν
670 3913 733 3969 ταῖς
750 3927 832 3976 γυμν.
852 3905 938 3961 etiam
959 3906 1027 3960 Par.
1083 3911 1115 3958 11
1136 3900 1258 3973 ολσαφεῖς

105 3982 213 4054 λόγους
232 3987 300 4042 Ραν.
321 3981 364 4040 άο.
383 3984 472 4051 λέξεις
495 3985 555 4040 οοδ.
575 3986 650 4056 Sylb.
732 3992 764 4040 14
786 3982 964 4053 πριάσασθαι
984 3987 1052 4039 Par.
1072 3980 1087 4038 ὁ
1111 3985 1181 4052 γοῦν
1199 3980 1256 4052 Ἡρ.

105 4066 335 4129 παιδευθεὶς-
356 4062 477 4135 εἰληφώς
495 4095 530 4104 -
548 4059 655 4136 άπέστη
677 4068 744 4122 Ραν.
824 4072 858 4120 16
882 4063 929 4120 διά
949 4062 980 4120 τὰ
1006 4061 1118 4119 ἐκείνου
1138 4060 1258 4133 σκληρὸν

107 4147 179 4202 Ραν.
200 4143 248 4200 διὰ
266 4143 316 4201 τὸν
339 4144 445 4200 οἰκεῖον
464 4145 566 4214 κλῆρον
581 4145 656 4215 δηλό.
731 4153 764 4202 17
785 4143 984 4215 ἐπεισαγαγεῖν
1003 4145 1068 4199 Ραν.
1089 4139 1257 4212 ἐπισυναγα-

107 4232 175 4297 γεῖν
189 4227 264 4297 δγλδ.
323 4228 386 4280 fort.
406 4243 475 4282 corr.
490 4218 522 4288 ὃς
540 4226 583 4280 vel
604 4217 686 4288 οὗτος
704 4221 839 4295 ἄφίκετο,
858 4225 957 4280 deinde
977 4219 1008 4279 ἐν
1023 4219 1113 4294 Ῥώμη
1128 4222 1195 4297 Par.

110 4311 149 4361 18
169 4307 218 4360 καλ
233 4308 320 4376 διεγρ,
341 4339 373 4346 -
392 4303 525 4360 κάλλιστα
545 4321 598 4359 om.
620 4306 688 4363 Ραν.
711 4307 774 4362 fort.
793 4306 842 4360 καλ
863 4301 898 4374 δὴ
921 4302 1043 4375 ἔγραφες
1066 4300 1258 4374 ηὐδοκίμησεν

104 4403 194 4457 ¹supp.
215 4386 310 4441 Rome
327 4404 392 4441 mox
411 4403 479 4440 corr.
500 4387 582 4454 φίλον
602 4417 635 4426 -
655 4386 804 4457 γεγονέναι

992 4473 1045 4529 16*
