2910 5056
621 297 834 354 HESYCHIUS.
1254 298 1296 364 23

151 463 232 525 νίαν
265 456 325 526 τὸν
359 458 558 545 Μακεδόνα,
596 459 784 545 ἐπικήδειον
818 459 1072 547 Κλεομβρότου,
1110 459 1296 547 διόρθωσιν

146 563 356 651 Ὀδυσσείας,
380 564 553 645 ἐπιστολάς
577 564 700 653 ὁμοίως
722 566 964 654 καταλογάδην.

244 683 422 750 LXXXV&
452 679 663 769 Ἀριγνάτη
688 682 858 769 μαθήτρια
881 681 1092 769 Πυθαγόρου
1115 688 1175 750 τοῦ
1199 682 1295 769 μεγά-

148 795 214 855 λου
236 789 291 856 καὶ
315 793 474 874 Θεανοῦς,
503 795 627 876 Σαμία,
651 788 838 877 φιλόσοφος
861 789 1094 877 Πυθαγορική.
1141 790 1296 870 συνέταξε

149 897 243 963 τάδε·
267 895 414 983 Βακχικά
439 899 523 987 (ἐστι
548 896 585 964 δὲ
607 896 682 983 περὶ
705 900 772 964 τῶν
797 897 976 984 Δήμητρος
999 901 1202 983 μυστηρίων,
1229 899 1323 964 ἐπι-5

149 1000 314 1088 γράφεται
344 1003 380 1070 δὲ
407 1003 463 1070 καὶ
492 1001 580 1091 ίερὸς
608 1002 732 1092 λόγος).
779 1008 901 1090 ἔγραψε
925 1003 962 1070 δὲ
984 1003 1040 1070 καὶ
1062 1000 1194 1082 τελετάς
1217 1011 1295 1069 Διο-

152 1109 261 1176 νύσου
283 1111 338 1176 καὶ
361 1108 445 1177 άλλα
469 1108 649 1196 φιλόσοφα.

240 1226 417 1294 LXXXVb
452 1222 779 1312 Ἀρίστανδρος
766 1254 783 1293 ο
806 1228 938 1313 μάντις,
968 1225 1108 1294 Σεύθου
1132 1225 1219 1310 υίός,
1243 1225 1295 1292 ἐπλ

146 1329 370 1416 Ἀλεξάνδρον
388 1359 448 1400 του
433 1331 679 1400 Μακεδόνων
699 1334 869 1418 βασιλέως.
902 1337 1024 1420 ἔγραψε
1042 1333 1117 1420 περὶ
1136 1335 1297 1419 μαντικῆς

148 1444 264 1524 βιβλία
288 1441 1336 1510 δίκαια

240 1557 416 1623 LXXXVI.
443 1553 701 1642 Ἀρίσταρχος
712 1553 945 1642 Ἀλεξανδρεὺς
963 1556 1070 1640 θέσει,
1089 1582 1128 1644 τη
1113 1554 1180 1623 δὲ
1195 1551 1295 1641 φύσει

150 1661 353 1754 Σαμοθράξ,
386 1662 510 1751 πατρὸς
535 1662 760 1751 Ἀριστάρχου.
807 1665 923 1749 γέγονε
954 1663 990 1730 δὲ
1018 1662 1101 1730 κατὰ
1129 1658 1191 1750 τήν
1220 1661 1295 1748 ρνς’

149 1766 356 1856 ὀλυμπιάδα,
390 1771 443 1837 ἐπὶ
473 1777 685 1857 Πτολεμαίου
715 1775 776 1838 τοῦ
807 1769 1050 1857 Φιλομήτορος,
1085 1761 1126 1838 οὗ
1153 1770 1208 1836 καὶ
1236 1768 1294 1836 τὸν

149 1876 229 1944 υίδν
253 1877 458 1946 ἐπαίδευσεν.
494 1879 624 1965 λέγεται
648 1877 685 1945 δέ
709 1877 835 1964 γράψαι
854 1874 937 1965 ὑπὲρ
957 1876 997 1945 ω’
1016 1882 1129 1964 βιβλία
1148 1874 1296 1963 ὑπομνη-

149 1982 266 2070 μάτων
289 1984 413 2070 μόνων.
446 1984 598 2072 μαθητὴς
617 1985 654 2053 δὲ
672 1985 812 2071 γέγονεν
828 1982 1091 2070 Ἀριστοφάνους
1113 1988 1174 2051 τοῦ
1192 2010 1294 2070 γραμ-
1310 2016 1336 2055 15

150 2094 308 2177 ματικοῦ,
337 2092 393 2158 καλ
416 2090 565 2178 Κράτητι
588 2094 633 2182 τῷ
657 2094 872 2180 γραμματικῷ
898 2095 1136 2181 [Περγαμηνῷ]
1161 2098 1296 2157 πλείστα

151 2198 392 2284 διημιλλήσατο
421 2200 457 2267 ἐν
481 2197 658 2289 Περγάμῳ.
708 2197 855 2284 μαθηταὶ
884 2196 921 2265 δέ
949 2195 1054 2266 αὐτοῦ
1077 2198 1297 2285 γραμματικοὶ

149 2306 226 2391 περὶ
249 2303 329 2384 τοὺς
351 2308 390 2393 μΙ
410 2307 575 2393 ἐγένοντο.
616 2309 752 2395 τελευτᾷ
776 2304 813 2372 δὲ
837 2306 873 2372 ἐν
897 2305 1037 2396 Κύπρῳ,
1062 2303 1182 2373 ἑαυτὸν
1204 2303 1297 2385 ὑπεξ-

148 2411 285 2499 αγαγὼν
314 2415 426 2502 ἐνδείᾳ
453 2416 596 2498 τροφής,
635 2411 725 2502 νόσῳ
754 2416 793 2500 τή
821 2410 952 2497 ὕδρωπι
980 2417 1131 2497 ληφθείς.
1176 2417 1231 2497 ε”τη
1260 2411 1298 2479 δὲ

149 2516 255 2586 αὐτοῦ
283 2523 341 2605 τής
365 2522 448 2605 ζωής
472 2518 535 2604 οβ’.
580 2518 635 2584 καλ
659 2522 780 2597 παῖδας
803 2517 864 2605 μέν
887 2519 1059 2586 κατέλιπεν
1081 2516 1295 2605 Ἀρίσταρχον
1310 2550 1336 2588 20

148 2625 202 2692 καὶ
215 2623 467 2714 Ἀρισταγόραν,
486 2624 586 2711 άμφω
607 2624 644 2691 δέ
659 2625 814 2709 ἐγίνοντο
830 2621 975 2710 εὐήθεις,
995 2622 1147 2692 ὥστεκαὶ
1163 2623 1294 2712 ἐπράθη

148 2729 166 2800 δ
185 2729 415 2820 Ἀρίσταρχος,
429 2729 604 2817 Ἀθηναῖοι
624 2730 661 2797 δὲ
680 2725 824 2797 ἐλθόντα
843 2729 921 2816 παρ’
944 2729 1059 2810 αὐτοῖς
1077 2731 1294 2817 ἐξωνήσαντο.

237 2842 432 2909 LXXXVII.
468 2837 722 2926 Ἀρίσταρχος
754 2838 914 2925 Τεγεάτης
945 2836 976 2922 [ὁ
1004 2843 1071 2907 τῶν
1098 2842 1295 2930 τραγῳδιῶν

221 3078 234 3125 1
256 3068 455 3146 Κλεομβρότου
475 3089 529 3128 om.
548 3071 667 3126 articulo
687 3071 772 3138 Ειιιλ,
792 3071 865 3138 quod
885 3087 938 3125 rec.
955 3071 1092 3127 Westerrn.
1107 3071 1273 3141 Bernhardy

149 3148 197 3206 τὸν
216 3156 266 3207 Κλ.
285 3154 358 3222 vulp.
377 3152 427 3206 τοῦ
447 3154 496 3205 Κλ.
515 3157 537 3204 Ε
558 3150 598 3214 είς
616 3154 664 3205 Κλ.
684 3151 730 3205 vel
749 3149 789 3213 είς
808 3147 858 3204 τὸν
877 3154 926 3206 Κλ.
946 3147 1075 3205 θάνατον
1094 3152 1232 3206 Κκελατκε

150 3238 165 3284 2
183 3227 338 3302 ἐμοιβαίας
356 3250 407 3301 pro
426 3228 529 3301 ὁμοίως
548 3232 618 3286 coni.
634 3232 855 3285 Hemsterhrrsr‘rrs

218 3311 365 3367 Lxxxvr
383 3312 458 3366 Eud.
478 3330 504 3380 p.
522 3318 571 3365 121
650 3318 667 3365 4
686 3313 783 3378 Σαμία
802 3311 880 3364 uncis
900 3311 1015 3366 seclusit
1033 3312 1210 3383 Bernhardy,
1230 3313 1295 3380 quia

150 3409 202 3447 om.
222 3397 272 3446 ΔΕ
352 3398 367 3446 5
388 3389 479 3446 ἔτιδὲ
499 3391 865 3460 ΗοςίθανεωιολΚιιελενιιε,
885 3392 1052 3462 Bernhardy
1124 3392 1180 3445 τῶν
1199 3389 1295 3462 Δήμη-

150 3482 211 3540 τρος
230 3477 307 3525 nv
326 3473 381 3526 τῶν
401 3472 449 3540 τής
469 3468 541 3540 Δήμ.
561 3471 611 3524 rel.
630 3470 710 3525 codd.
725 3471 800 3525 Πανί.
863 3473 1033 3541 μυστηρίων·
1055 3467 1244 3541 ἐπιγράφεται
1263 3471 1294 3528 δὲ

150 3557 238 3620 BEV,
253 3551 328 3621 quod
339 3551 408 3606 coni.
420 3551 534 3616 Lobecle‚
549 3550 689 3620 Aglaoph.
700 3550 712 3603 I
722 3557 807 3620 pete
823 3547 1043 3620 ἐπιγράφὲρεται
1053 3556 1076 3603 Δ
1091 3551 1209 3621 φέρεται
1223 3572 1296 3608 ιικιιε

153 3634 218 3690 Par.
239 3635 268 3686 et
287 3637 347 3687 vat.
367 3636 491 3684 Peersoni
515 3627 712 3701 ἐπιγράμματα
737 3628 854 3700 φέρεται
873 3633 944 3701 plur.
965 3632 1045 3688 codd.
1060 3633 1135 3690 Eud.
1162 3630 1295 3705 ἐπιγράμ-
1397 3661 1399 3666 ·

153 3730 238 3783 ματα·
259 3710 400 3783 γράφεται
419 3713 487 3767 vett.
508 3711 570 3765 edd.
590 3711 664 3766 Eud.

219 3800 364 3856 Lxxxvr
392 3800 511 3856 accessit
530 3816 562 3853 ex
581 3800 656 3855 Eud.
677 3819 703 3870 p.
725 3806 784 3869 127,
808 3817 861 3855 om.
886 3801 965 3856 seir.
1008 3802 1048 3856 ef.
1073 3803 1181 3860 Unters.
1206 3823 1233 3874 p.
1252 3809 1295 3857 49.

153 3883 203 3948 Qui
220 3883 354 3952 pleraque
373 3881 479 3937 falsarii
503 3897 563 3935 esse
587 3881 732 3936 contendit
750 3881 852 3950 Purus,
878 3882 912 3937 de
931 3881 1004 3936 Viol.
1027 3900 1055 3952 p.
1075 3888 1123 3952 80,
1147 3883 1217 3938 mihi
1236 3884 1296 3952 qui·

152 3963 213 4019 dem
231 3980 288 4018 non
306 3963 445 4031 persuasit

221 4050 362 4105 LXXXVI
381 4050 457 4105 Eud.
476 4056 570 4119 p.108
626 4056 658 4104 16
678 4050 725 4104 καλ
744 4048 868 4120 Κράτητι
887 4083 917 4090 -
939 4051 1003 4108 exit.
1024 4069 1078 4107 om.
1093 4054 1168 4109 Eud.
1223 4057 1295 4123 Περ·

151 4132 267 4204 γαμηνῷ
286 4131 345 4185 iure
364 4133 525 4200 suspectum
543 4131 737 4201 Βετηλανόγο,
762 4131 810 4200 qui
828 4131 901 4186 infru
924 4132 1046 4187 tentavit
1066 4128 1097 4187 ἐν
1116 4137 1201 4201 Περγ.
1221 4128 1295 4197 ὄντα

152 4210 187 4285 τῷ
211 4208 243 4265 ἐν
268 4213 353 4280 Περγ.
379 4230 460 4280 γραμ.
483 4215 599 4266 πλείστα
625 4206 905 4280 διημιλλήσατοί
848 4211 1009 4268 Gutschmid
1035 4209 1236 4281 διημιλλήσατο
1263 4210 1295 4266 τὸ

155 4284 183 4344 ἐν
200 4295 223 4342 Δ
298 4296 331 4344 19
351 4287 393 4344 ἔτι
410 4295 433 4342 Δ
504 4297 540 4345 20
559 4281 594 4359 ήν
612 4293 678 4360 post
696 4293 767 4359 ζωής
786 4292 848 4346 add.
869 4292 954 4347 Durrb

222 4369 374 4424 LXXXVII
392 4369 507 4425 Tractat
531 4371 660 4439 Welcter,
680 4370 724 4425 Gr.
746 4374 828 4440 Irag.
848 4391 874 4442 p.
891 4379 941 4427 931
1020 4378 1054 4425 23
1077 4367 1092 4424 ὁ
1116 4371 1172 4424 τῶν
1191 4392 1296 4445 τραγῳ-

154 4451 275 4506 διῶν-
294 4444 505 4520 ἀποφαίνοντες
527 4450 591 4505 add
611 4451 715 4507 Surdae
738 4468 771 4505 ex
789 4451 902 4508 Aeliani
925 4452 1071 4523 deperdito
1041 4451 1164 4509 tlibro
1183 4454 1216 4509 de
1230 4471 1296 4524 pro·
