2880 5054
611 315 823 373 HESYCHIUS.
1224 317 1289 381 233

231 478 427 545 DCCOLVI.
471 476 627 563 Φόρμος
656 477 891 563 Συρακούσιος
917 477 1076 563 κωμικός,
1105 477 1290 565 σύγχρονος

141 583 339 674 Ἐπιχάρμῳ,
364 581 485 663 οίκεῖος
508 583 545 651 δὲ
568 585 695 652 Γέλωνι
719 587 764 675 τῷ
787 582 942 673 τυράννῳ
966 589 1122 663 Σικελίας
1140 585 1196 652 καὶ
1215 612 1290 671 τρο-

141 689 224 777 φεὺς
246 695 315 758 τάν
342 694 474 758 ταίδινυ
497 689 610 758 αὐτοῦ.
628 688 631 703 '
648 696 771 778 ἔγραψε
796 691 947 778 δράματα
971 691 1012 776 ζ’,
1041 689 1149 759 ἅέστι
1171 696 1288 760 ταῦτα·

136 797 309 885 Ἄδμητος,
323 795 503 882 Ἀλκίνους,
517 795 702 882 Ἀλκυόνες,
715 797 816 865 Ἰλίου
830 798 1137 886 κόρθησις,Ἵιιπος,
1153 798 1291 886 Κηφεὺς

141 902 161 991 η’
187 905 376 992 Κεφάλαια,
400 903 560 992 Περσεύς.
594 903 754 991 ἐχρήσατο
770 905 807 972 δὲ
826 908 955 992 κράτος
974 905 1133 992 ἐνδάματι
1151 906 1317 993 κοδηρειι

141 1012 198 1078 καὶ
218 1016 323 1100 σκηνῇ
343 1010 519 1100 δερμάτων
538 1015 711 1098 φοινικῶν.
749 1013 925 1099 [μέμνηται
945 1012 982 1080 δὲ
1000 1013 1056 1079 καλ
1076 1014 1191 1101 ἑτέρου
1210 1013 1290 1101 δρά-

142 1145 245 1204 ματος
266 1117 445 1205 Ἀθήναιος
468 1120 504 1186 ἐν
527 1131 597 1196 τοῖς
621 1126 941 1206 Δεικνοσοφισταῖς,
961 1115 1186 1206 Ἀταλάντης]

232 1225 445 1294 DOOOLVII.
489 1224 678 1313 Φρόντων
704 1223 881 1312 Ἐμισηνὸς
909 1224 1035 1313 ῥήτωρ,
1064 1225 1210 1312 γεγονὼς
1238 1229 1290 1295 ἐπὶ

142 1332 324 1420 Σεουήρον
346 1337 407 1400 τοῦ
431 1334 593 1417 βασιλέως
616 1335 653 1399 ἐν
671 1330 789 1421 Ῥώμη.
835 1335 872 1400 ἐν
897 1332 934 1400 δὲ
955 1330 1114 1418 Ἀθήναις
1137 1330 1290 1402 άντετιαί-

142 1444 241 1508 δευσε
271 1439 485 1530 Φιλοστράτςο
514 1443 558 1530 τῷ
586 1439 704 1530 πρώτῳ
734 1441 789 1507 καὶ
810 1439 927 1528 Ἀψίνη
955 1444 1000 1533 τῷ
1025 1444 1178 1525 Γαδαρεῖ.
1225 1443 1289 1509 ε’τι-
1304 1467 1330 1505 10

144 1546 283 1633 λεύτησε
308 1546 345 1614 δὲ
369 1548 405 1614 ἐν
426 1544 599 1632 Ἀθήναις,
623 1546 697 1634 περὶ
722 1546 751 1627 ξ’
788 1552 830 1634 ’τη
854 1545 1012 1634 γεγονάς,
1035 1547 1090 1614 καὶ
1114 1550 1172 1633 τῆς
1195 1544 1291 1615 άδελ-

145 1665 209 1740 φης
227 1657 464 1740 Φροντιονίδος
482 1657 585 1720 παῖδα
605 1651 686 1720 ὄντα
701 1660 871 1740 Λογγῖνον
891 1652 951 1722 τὸν
971 1652 1120 1741 κριτικὸν
1139 1656 1290 1722 κατέλιπε

146 1760 367 1849 κληρονόμον.
414 1765 537 1847 ἔγραψε
561 1759 597 1827 δὲ
622 1759 767 1846 συχνοὺς
789 1761 920 1847 λόγους.

231 1868 463 1935 DOCOLVIII.
512 1865 710 1954 Φρύνιχος
742 1866 1038 1955 Πολυφράδμονος
1075 1865 1094 1954 ἢ
1130 1868 1290 1951 Μινύρου

144 1976 192 2061 (ολ
219 1973 256 2041 δὲ
280 1973 519 2062 Χοροκλέους),
544 1971 723 2060 Ἀθηναῖος
751 1973 921 2060 τραγικός,
950 1974 1101 2063 μαθητὴς
1128 1978 1291 2056 Θέσπιδος
1306 2001 1331 2041 15

144 2086 202 2150 τοῦ
232 2081 367 2169 πρώτου
394 2078 455 2168 τὴν
483 2079 643 2167 τραγικὴν
672 2083 928 2166 εἰσενέγκαντος.
976 2085 1068 2150 ἐνίκα
1096 2089 1215 2152 τοίνυν
1239 2083 1292 2151 εἰιὶ

144 2192 200 2276 τῆς
229 2188 274 2270 {ff
300 2185 513 2275 ὀλυμπιάδος.
560 2179 658 2267 οὗτος
687 2186 724 2255 δὲ
751 2192 881 2277 πρῶτος
908 2186 939 2273 [ὁ
968 2189 1149 2277 Φρύνιχος]
1174 2216 1290 2277 γυναι-

144 2310 234 2363 κεῖου
269 2293 448 2382 πρόσωπον
481 2294 660 2381 εἰσήγαγεν
698 2294 734 2361 ἐν
767 2298 806 2382 τῇ
840 2299 945 2383 σκηνῇ
980 2296 1035 2362 καλ
1068 2294 1201 2384 εὑρετὴς
1232 2300 1293 2364 τοῦ

146 2404 366 2491 τετραμέτρου
399 2403 536 2488 ἐγένετο.
588 2401 642 2468 καὶ
670 2405 773 2468 παῖδα
802 2406 874 2488 ἔσχε
902 2400 1061 2488 τραγικόν
1090 2402 1292 2489 Πολυφράδ-

144 2537 239 2595 μονα.
296 2511 478 2599 τραγῳδίαι
511 2507 549 2576 δὲ
585 2505 690 2575 αὐτοῦ
722 2512 808 2574 εἰσιν
840 2506 878 2573 θ’
912 2499 1022 2577 αὗται·
1060 2514 1286 2597 Πλευρωνίαι,
1302 2538 1329 2577 20

146 2616 336 2702 Αίγύττιοι,
356 2612 527 2701 Ἀκταίων,
540 2612 726 2700 ’Ἀλκηστις,
746 2611 894 2692 Ἀνταῖος
912 2609 932 2700 ἢ
953 2620 1086 2702 Λίβυες,
1111 2622 1248 2684 Λίκαιοι
1270 2611 1318 2706 ἢ,

148 2726 275 2812 Πέρσαι
298 2719 319 2809 ἢ
344 2721 544 2806 Σάνθωκοι,
569 2725 745 2800 Δαναΐδες.

232 2826 430 2898 DOOOLIX.
470 2827 669 2916 Φρύνιχος
689 2826 878 2914 Ἀθηναῖος,
904 2827 1049 2915 κωμικὸς
1070 2831 1138 2897 τάν
1163 2813 1292 2896 ἐκιδευζ

149 2959 360 2966 ——.-—

215 3024 371 3079 DCCCLVI
389 3026 466 3082 Εκά.
480 3043 507 3095 p.
524 3030 583 3079 726.
607 3023 647 3080 cf.
659 3024 858 3093 Waehsmth‚
875 3025 969 3094 Symb.
984 3044 1011 3094 p.
1028 3031 1079 3080 142
1135 3031 1151 3077 3
1167 3021 1191 3090 ζ’
1203 3042 1257 3080 om.
1271 3032 1293 3077 Ε

146 3109 235 3162 ταῦτα
253 3107 326 3176 vulp.
345 3101 366 3161 ά
386 3103 444 3162 ἐστι
462 3106 553 3160 ταῦτα
570 3109 648 3156 ΔΝ
671 3102 725 3160 εἰσὶ
743 3103 775 3159 δὲ
795 3105 884 3160 ταῦτα
903 3106 980 3161 Eud.
1053 3112 1068 3160 5
1088 3099 1105 3174 ἢ
1126 3103 1252 3173 Περσεύς
1271 3112 1293 3157 Δ

146 3194 160 3241 6
185 3188 326 3257 φοινικάν
344 3188 481 3241 Καείακκε
504 3185 652 3254 φοινικοῦς
671 3191 721 3237 AV
744 3187 883 3253 φοινίκων
901 3188 973 3255 vulp.
995 3186 1070 3241 Eue.
1154 3183 1294 3255 μέμνηται

146 3299 177 3307 -
205 3267 272 3322 exit.
299 3285 353 3322 om.
377 3268 467 3335 Emi,
494 3282 564 3334 quae
589 3263 703 3320 Suidam
728 3265 821 3334 ipsum
848 3284 881 3320 ex
905 3267 1006 3321 Athen.
1030 3266 1094 3321 XIV
1117 3270 1217 3334 11652
1245 3265 1293 3318 ad-

144 3347 292 3417 scripsisse
310 3347 490 3402 manifesium
509 3345 552 3400 esi

215 3427 387 3482 DCCCLVII
423 3433 457 3480 10
475 3426 512 3500 τῷ
532 3425 654 3497 δευτέρῳ
673 3426 822 3495 legendum
849 3444 908 3481 esse
933 3426 1043 3481 monuit
1061 3426 1293 3480 Hemsterhusius:

146 3509 181 3564 ef.
199 3509 307 3574 Rehde,
321 3508 391 3562 Mus.
403 3509 491 3561 Rhen.
502 3507 618 3561 XXXIII
632 3526 658 3576 p.
675 3513 725 3562 173
739 3509 795 3562 nei.
809 3513 822 3560 1
880 3514 911 3560 11
927 3508 977 3576 τῆς
991 3507 1054 3561 add.
1064 3511 1167 3559 Am
1180 3523 1233 3560 om.
1244 3506 1294 3561 rel.

218 3587 401 3643 DCOGLVIII
418 3588 494 3642 Eud.
509 3606 536 3657 p.
550 3593 609 3641 726.
629 3586 670 3644 Cf.
685 3585 824 3654 Weidner,
844 3585 890 3640 Gr.
905 3587 988 3654 Trag.
1007 3604 1033 3655 p.
1051 3590 1091 3640 18.
1119 3585 1293 3641 Confundere

146 3669 270 3724 ereditur
289 3667 442 3738 Hesychius
461 3666 626 3723 histrionem
645 3669 674 3721 et
691 3664 830 3734 tragicum
853 3665 898 3734 (ef.
918 3665 1004 3720 sehol.
1024 3664 1071 3720 Ar.
1090 3665 1164 3720 Aves
1185 3670 1246 3736 750)

147 3756 180 3803 14
199 3742 216 3817 ἢ
235 3752 303 3803 Μιν.
320 3779 352 3787 -
367 3749 464 3802 τοίνυν
482 3764 536 3801 om.
556 3747 631 3802 Εκιλ.
688 3753 720 3800 16
740 3742 926 3815 στρατηγικὴν
944 3751 965 3797 Ε
1022 3751 1054 3800 17
1075 3741 1118 3799 οε’
1139 3744 1293 3813 Meursiu33

143 3829 291 3899 vulgatam
304 3830 381 3883 tenet
400 3827 512 3883 Οῖίκῖοκ
530 3846 556 3897 p.
575 3834 606 3882 19
621 3827 668 3884 Kr.
688 3825 752 3882 cell.
771 3825 857 3880 schol.
876 3825 923 3879 Ar.
943 3826 1013 3881 Ran.
1028 3831 1079 3879 941
1158 3816 1240 3888 οὗτος
1259 3857 1292 3865 —-

144 3912 274 3978 Πολυφρ.
289 3925 343 3963 om.
362 3908 438 3964 Eun
457 3924 577 3978 pergens
596 3906 732 3977 φέρονται
755 3901 860 3974 αὐτοῦ;
884 3902 899 3960 ὁ
922 3903 1059 3975 Φρύνιχος
1077 3905 1189 3960 lectoris
1209 3922 1293 3959 manu

144 3990 255 4044 addita:
276 3989 310 4043 cf.
325 4008 351 4043 v.
368 3984 515 4058 Φιλάγριος
583 3994 617 4042 20
635 3987 814 4056 Πλευρωνῖαι
833 4002 902 4041 sorr.
921 3987 1068 4053 Blomfield
1091 3987 1154 4041 eoll.
1172 3985 1292 4040 Pausan.

144 4069 183 4139 X,
199 4076 249 4136 31,
264 4075 295 4135 4,
314 4069 480 4138 Πλευρωνία
497 4069 570 4138 vulp.
633 4073 667 4121 21
687 4061 705 4135 ἦ
724 4069 809 4135 Περι.
828 4060 846 4136 ἢ
865 4064 958 4123 Σάνδ.
977 4072 1062 4134 ARV,
1081 4083 1137 4134 que
1155 4066 1190 4120 de
1208 4082 1238 4118 re
1258 4065 1291 4119 ef.

144 4149 279 4204 Weleker
296 4148 314 4205 l.
331 4166 354 4204 c.
372 4166 399 4218 p.
415 4154 458 4217 27,
476 4149 625 4218 utrumque
647 4141 664 4216 ἢ
684 4164 737 4202 em.
762 4148 810 4203 rel.
831 4149 860 4201 et
878 4148 953 4202 Ειαῖ.
977 4142 1129 4201 Σάνθακοι
1148 4145 1291 4201 Κκεῖικκε.

146 4229 267 4284 Omnino
286 4230 321 4282 de
341 4227 494 4283 carminum
513 4228 611 4282 tabula
628 4247 654 4282 v.
671 4229 859 4295 Waelwmuth,
880 4228 973 4298 Symb.
993 4246 1019 4297 p.
1037 4232 1088 4281 150

216 4307 547 4363 Deocnlxnud.1.c.
580 4307 697 4364 Tractat
714 4308 842 4363 Meineke
861 4309 875 4361 I
893 4328 919 4379 p.
939 4314 989 4362 146
1004 4323 1060 4376 seq.
1101 4306 1141 4361 ef.
1162 4306 1248 4361 etiem
1266 4326 1292 4364 v.

143 4388 282 4461 Ὠφελίων
301 4391 330 4444 et
342 4386 473 4442 Meineke
491 4387 544 4455 Ip.
558 4393 611 4442 415
667 4394 701 4444 23
721 4390 751 4444 at
768 4388 931 4458 peregrinus
949 4390 992 4442 esi
1010 4386 1095 4442 sehol.
1111 4385 1158 4440 Ar.
1173 4385 1242 4457 Ren.
1260 4392 1293 4441 14

147 4466 193 4526 ἐπὶ
213 4466 354 4536 δευτέρων
376 4467 451 4524 End.
