2910 5056
649 310 863 367 HESYOHIUS.
1284 308 1324 371 17

182 474 380 536 Παναιτίου.
426 473 571 559 (ἔγραψε
598 476 775 561 κωμῳδίας
798 471 842 556 λ’,
867 474 902 538 ol
924 471 960 538 δὲ
983 471 1218 556 πεντήκοντα.)
1258 470 1325 537 ἔστι

181 577 221 644 δὲ
244 577 299 644 καὶ
324 578 435 664 ἕτερος
452 576 664 665 Ἀντιφάνης,
688 577 878 664 Καρύστιος
903 576 1059 664 κωμικός,
1081 577 1163 645 κατά
1183 578 1325 662 Θέογνιν

176 683 328 770 γεγονὼς
350 699 424 764 τοῖς
443 684 587 773 χρόνοις.

269 793 385 860 LXIII.
419 789 655 878 Ἀντιφάνης
679 791 925 878 Δημοφάνους,
956 795 991 860 ol
1012 792 1050 860 δὲ
1073 790 1253 878 Στεφάνου
1271 792 1325 857 καὶ

180 897 306 988 μητρὸς
335 899 473 986 Οἰνόης,
507 898 650 984 Κιαυός,
684 896 728 978 ῶς
758 902 797 966 δέ
823 925 910 977 τινες
937 906 1146 986 Σμυρναῖος,
1178 897 1260 966 κατά
1290 899 1353 966 δὲό

179 1006 371 1074 Διονύσίον
390 1002 534 1091 Ῥόδιος,
562 1003 707 1091 κωμικὸς
736 1010 794 1091 τῆς
816 1008 918 1092 μέσης
940 1009 1130 1096 κωμῳδίας,
1159 1003 1223 1072 άπό
1249 1005 1327 1072 δού-

177 1120 265 1199 λων,
299 1111 344 1192 ῶς
375 1140 471 1193 τινες.
521 1115 639 1199 γέγονε
673 1112 711 1180 δὲ
742 1111 824 1179 κατὰ
858 1110 919 1198 τὴν
952 1112 1004 1197 oy'
1034 1111 1239 1200 ὀλυμπιάδα,
1272 1115 1326 1180 καὶ

178 1225 305 1308 ἔγραψε
336 1224 513 1311 κωμῳδίας
536 1219 616 1304 τξε’,
645 1223 680 1287 οἱ
702 1219 739 1287 δὲ
763 1218 831 1304 στ’,
859 1225 954 1298 νίκας
977 1220 1014 1287 δὲ
1033 1215 1099 1286 εἷλε
1123 1220 1178 1305 ιγ’.
1224 1209 1330 1287 παίδά

177 1353 214 1395 τε
239 1332 312 1413 ἔσχε
335 1330 531 1414 Στέφανον,
561 1327 616 1394 καὶ
639 1324 744 1394 αὐτὸν
768 1326 927 1414 κωμικόν.
972 1331 1107 1414 τελευτᾷ
1132 1327 1169 1394 δὲ
1193 1329 1229 1394 ἐν
1254 1332 1326 1417 Κίῳ

179 1434 235 1501 οδ’
260 1437 343 1503 ἐτῶν
365 1433 537 1523 ὑπάρχων,
560 1433 643 1502 κατά
667 1462 743 1502 τινα
766 1434 871 1520 τύχην
895 1432 982 1525 άπίῳ
1004 1439 1150 1520 βληθείς.
1339 1451 1364 1490 1⁰

268 1544 382 1610 LXIV.
412 1541 609 1629 Ἀντιφῶν
626 1540 807 1627 Ἀθηναῖος
828 1541 1070 1630 τερατοσκόπος
1093 1541 1148 1608 καὶ
1171 1542 1328 1620 ἐποποιός

176 1650 234 1716 καὶ
261 1649 432 1736 σοφιστής,
456 1652 603 1718 ἐκαλεῖτο
628 1649 665 1717 δὲ
688 1648 947 1736 Λογομάγειρος.

270 1758 368 1822 LXV.
403 1753 596 1842 Ἀντιφῶν
617 1754 795 1842 Ἀθηναῖος
819 1752 1055 1845 ὀνειροκρίτης.
1090 1757 1165 1843 περὶ
1189 1762 1328 1845 κρίσεως

177 1860 324 1947 ὀνείρων
348 1867 529 1950 [ἔγραψενλ.
616 1877 619 1882 ’

268 1970 382 2063 LXVI.
411 1967 605 2056 Ἀντιφῶν
623 1976 779 2057 Σοφίλου
795 1969 984 2058 Ἀθηναῖος,
1008 1975 1075 2040 τῶν
1100 1970 1217 2058 δήμων
1231 1967 1325 2056 Ῥαμ-
1341 1986 1366 2025 15

177 2074 328 2156 νοόσιος.
380 2077 580 2156 διδάσκαλος
609 2077 647 2144 δὲ
674 2074 779 2145 αὐτοῦ
807 2075 919 2157 οὐδεὶς
946 2078 1223 2164 προχιυῶσκεται,
1251 2075 1323 2144 ἀλλ’

175 2179 270 2269 ὅμως
292 2175 370 2271 ἦρξε
392 2187 453 2252 τοῦ
473 2188 648 2252 δικανικοῦ
671 2189 877 2274 χαρακτῆρος
900 2184 981 2272 μετά
1006 2192 1168 2275 Γοργίαν,
1199 2187 1326 2272 λέγεται

175 2289 217 2357 δὲ
235 2291 291 2357 καὶ
307 2295 521 2359 Θουκυδίδου
540 2293 699 2377 γενέσθαι
720 2292 929 2373 διδάσκαλος.
958 2295 1105 2362 ἐκαλεῖτο
1125 2295 1162 2362 δὲ
1176 2296 1325 2380 Νέστωρ.
1362 2360 1365 2365 4

269 2398 401 2475 LXVII.
428 2397 643 2476 ’Ἀντυλλος
666 2397 776 2487 ῥήτωρ
792 2455 799 2467 .
814 2454 845 2469 ..

174 2631 241 2668 cum
255 2614 331 2669 Εκδ.
347 2613 478 2668 exhibeat
487 2609 652 2683 Καρύστιος,
667 2609 789 2682 κωμικός
804 2613 909 2667 addens
925 2610 1032 2682 ἔγραφε
1046 2615 1195 2686 κωμῳδίας
1205 2612 1241 2680 λ’,
1251 2611 1281 2668 οἵ
1292 2611 1324 2668 δὲ

173 2692 364 2765 πεντήκοντα,
384 2694 432 2748 sed
451 2690 582 2762 τραγικός
595 2711 646 2763 pro
660 2688 762 2762 τρανός
775 2692 838 2747 libr.
854 2693 930 2748 Suid.
951 2693 1071 2770 correxit
1087 2694 1174 2764 Τανηι.
1194 2693 1325 2749 laudatus
1338 2686 1341 2693 ¹

176 2773 376 2846 Βωκλακδηο,
398 2774 522 2842 Τρανοῦ,
542 2775 574 2826 αλ
587 2772 677 2842 panis
696 2772 733 2826 sir
749 2789 864 2839 nomen,
882 2773 1032 2843 Kostons,
1050 2774 1158 2842 τρανῶς
1172 2770 1241 2844 μετά
1257 2774 1325 2828 θυί-

174 2857 288 2910 οολκιίιλ.
329 2855 369 2910 cf.
388 2853 561 2922 Volkmann,
586 2852 691 2918 Quaesl
709 2870 771 2907 nov.
790 2870 817 2922 p.
836 2851 875 2905 IX
894 2856 951 2908 nol.
968 2860 1010 2922 10,
1034 2855 1162 2911 Meineke
1182 2856 1196 2908 Ι
1216 2873 1243 2923 p.
1263 2861 1323 2910 340.

175 2935 291 2989 Rectius
312 2934 347 2988 de
366 2934 504 2988 erroribus
527 2933 664 2988 iudicavit
682 2933 788 3001 Rohde,
808 2933 877 2990 Mus.
897 2934 985 2989 Rhen.
1005 2935 1122 2989 XXXIV
1140 2954 1167 3004 p.
1187 2941 1252 3002 620,
1277 2936 1326 3004 qui

176 3013 319 3070 Eudooiee
339 3016 459 3070 lectione
479 3017 591 3070 servate
609 3010 681 3069 κατά
703 3013 823 3083 Θέογνιν
842 3032 893 3084 pro
912 3011 984 3069 κατά
1001 3015 1108 3070 Θέσπιν
1127 3015 1247 3070 correxil
1261 3016 1324 3072 eoll.

179 3093 254 3150 Suid.
273 3114 299 3152 v.
321 3093 440 3164 Θέογνις
458 3096 486 3165 (i.
506 3113 529 3151 e.
550 3097 636 3165 poeta
654 3095 780 3164 tragico).
818 3095 986 3166 Bernhardy
1004 3096 1153 3164 putaverat
1170 3096 1325 3151 Eudooiem

181 3174 235 3240 (vel
249 3175 412 3244 imperitum
423 3176 568 3243 lectorem)
583 3174 720 3228 comicum
734 3175 854 3245 finxisse,
868 3177 901 3229 ul
910 3177 1074 3230 memoriam
1084 3175 1250 3245 Apollodori
1264 3178 1325 3229 tum

184 3252 358 3308 Atheniensis
377 3256 438 3309 lum
454 3254 574 3324 Carystii
591 3256 742 3309 revocaret.
772 3254 811 3309 Cf.
826 3255 921 3323 Boon,
940 3258 975 3311 de
989 3257 1061 3311 Viol.
1076 3275 1103 3325 p.
1119 3263 1135 3310 4
1150 3274 1216 3325 ουρ,
1236 3255 1324 3309 Puloh

184 3347 210 3398 p.
223 3338 255 3386 81
266 3349 322 3402 seq.
343 3331 472 3389 Ceterum
487 3333 521 3389 of.
536 3352 562 3388 v.
578 3335 733 3396 Παναίτιος
783 3342 797 3389 1
815 3334 921 3405 ἔγραφε
937 3353 994 3405 seq.
1010 3339 1186 3391 accesserunt
1200 3354 1234 3391 ex
1247 3335 1323 3389 Εκδ.

250 3411 337 3468 LXIII
355 3414 430 3468 Eoo.
450 3433 477 3483 p.
495 3420 553 3470 103.
587 3412 627 3469 Cf.
647 3413 777 3470 Meineke
796 3417 808 3470 l
826 3435 853 3485 p.
870 3423 922 3471 304
989 3415 1236 3488 4Δημοφ.-δε’
1250 3435 1325 3477 τινες

192 3491 216 3542 el
230 3486 284 3548 άπὸ
303 3489 413 3548 δούλων
428 3525 463 3534 -
478 3489 639 3563 ὀλυμπιάδα
659 3511 712 3549 om.
727 3496 802 3551 Ευιλ.
882 3504 897 3551 6
917 3496 1081 3567 Dionysium
1099 3496 1325 3550 Halicarnassen-

192 3586 242 3624 oem
258 3589 316 3628 eene
335 3573 409 3629 vidit
422 3575 507 3629 Ιλαιιό
558 3569 664 3637 Ῥόδιος
678 3607 712 3615 -
726 3579 821 3645 τρίτην
840 3583 936 3648 om.‚A
991 3573 1048 3632 άπὸ
1069 3576 1191 3632 δούλωνε
1212 3577 1324 3631 Woohe-

193 3652 267 3720 κιαίλ,
285 3654 379 3722 Symb.
394 3673 422 3724 p.
439 3662 490 3709 140
564 3661 578 3709 7
598 3652 643 3725 ργ’
664 3656 831 3728 Bernhardy

253 3733 336 3788 LXIV
357 3734 397 3790 ef.
412 3733 559 3805 Menegiue
578 3734 609 3789 in
626 3735 814 3806 Diog.11,4e.
834 3739 898 3793 Non
917 3739 1058 3794 diversum
1073 3739 1158 3795 fuisse
1178 3741 1214 3796 ab
1234 3740 1325 3795 oniro-

189 3810 291 3882 critico,
310 3815 358 3885 qui
377 3816 509 3886 deinceps
528 3815 663 3886 eequilur,
683 3819 815 3888 suspicati
835 3821 899 3873 eunt
917 3820 971 3874 viri
989 3819 1065 3874 docti

251 3893 322 3949 LXV
340 3897 429 3952 vitam
448 3915 502 3952 om.
518 3897 655 3955 Woelerm.
724 3905 758 3951 14
777 3896 903 3967 ἔγραφεν
921 3898 1036 3953 lectoris
1055 3918 1139 3955 mann
1160 3903 1287 3956 additum

249 3972 339 4029 LXVI
357 3976 432 4031 Εκδ.
452 3994 478 4045 p.
497 3982 560 4043 100,
579 3994 651 4044 quae
670 3978 751 4046 plura
770 3979 833 4035 edd.
853 3995 887 4032 ex
904 3978 1068 4034 Philostrai.
1084 3981 1140 4037 Vir.
1160 3982 1184 4049 Ι,
1206 3988 1237 4036 15

174 4057 201 4108 le
228 4051 360 4122 Σοφίλου
375 4060 483 4109 Am
497 4056 572 4110 Εκδ.
592 4059 726 4126 Σωφίλου
746 4059 782 4113 al.
837 4060 894 4113 τῶν
912 4055 1009 4130 δήμων
1024 4064 1047 4111 Δ
1065 4057 1115 4114 τόν
1135 4062 1226 4131 δῆμον
1244 4063 1293 4116 rel.

166 4137 195 4187 13
218 4133 363 4205 μαθητής
382 4153 435 4192 see.
451 4137 532 4193 Phoi.
546 4137 615 4191 bibl.
630 4155 657 4207 p.
673 4143 733 4205 486,
753 4139 802 4208 qui
820 4139 938 4194 fortasse
957 4139 1062 4194 fontem
1087 4157 1167 4195 suum
1190 4140 1264 4194 male
1282 4141 1323 4193 in-

153 4207 291 4340 VHVV
341 4215 514 4272 διδασκάλου
533 4214 623 4287 λόγων
643 4215 798 4288 ῥητορικῶν
818 4223 882 4290 poet
894 4224 968 4289 Σοφ.
988 4220 1051 4277 add.
1067 4222 1143 4277 Εκδ.
1176 4222 1217 4276 ef.
1232 4223 1323 4289 Daub,

167 4307 181 4343 e
251 4290 308 4348 1'01.
325 4315 353 4367 p.
370 4305 404 4352 10

228 4367 348 4432 LXVII
368 4395 421 4432 om.
439 4378 576 4451 Westejrrn.
606 4379 646 4435 cf.
661 4381 815 4437 Marcellin.
830 4382 880 4435 vit.
895 4381 983 4436 Thoe.
997 4399 1024 4449 p.
1041 4387 1100 4447 100,
1116 4386 1167 4434 109
1184 4381 1321 4440 Weeterrn.

137 4445 255 4503 sehol-
290 4455 370 4514 rhun.
390 4458 443 4525 111,
462 4465 504 4514 οι.
524 4458 572 4527 IV,
593 4466 635 4527 19,
654 4467 687 4514 ne

186 4545 382 4609 Hlflmmun,
395 4559 430 4599 οδ.
444 4559 524 4600 Flach.
1091 4556 1107 4601 ‘2
1205 4606 1210 4619 ,
