2880 5054
559 280 773 336 Ηιιεαοαιοε.
1193 284 1233 348 87

181 439 396 507 CCCXXVII.
420 437 464 506 ‘H
466 438 519 527 ριό
525 442 545 505 δ
551 466 594 525 ης
610 436 749 520 Ἰούλιος
767 448 978 529 χρηματίσας,
997 443 1071 523 υίὸς
1088 442 1234 513 Ἀττικοῦ

84 550 148 614 τοῦ
162 544 395 632 Πλουτάρχου,
409 547 505 632 γένος
517 549 688 632 Αἰακίδης,
700 544 889 633 Ἀθηναῖος,
904 551 972 615 νῦν
987 549 1104 636 δήμων
1118 559 1233 639 Μαρα·

84 650 230 738 θοόνιος,
254 651 429 738 σοφιστής,
455 652 616 731 πλούσιος
635 655 669 719 ἐκ
687 659 865 742 θησαυροῦ
884 653 1065 742 γενόμενος
1089 656 1233 745 σφόδρα,

84 757 171 827 ὥστε
189 760 244 826 καλ
264 758 402 827 στάδιον
422 758 895 847 κατεσκευάσατο·Ἀθηναίοις
912 762 969 828 καὶ
984 764 1129 851 θέατρον
1144 761 1233 832 ῦπω-

85 866 222 956 ρόφιον.
258 858 336 954 ἦρξε
359 869 417 952 τῇς
438 864 547 945 Ἀσίας
571 863 588 934 ὁ
611 864 714 934 αὐτοῦ
733 867 852 954 πατήρ,
875 867 930 935 καὶ
949 882 1020 947 τοῖς
1038 868 1259 950 δισυπάτοιςι

85 975 343 1060 συγκατελέχδη.
392 965 435 1059 ῇν
468 972 505 1041 δὲ
538 976 594 1041 ἐπί
621 1000 656 1041 τε
688 978 857 1061 Τραϊανοῦ
889 976 945 1043 καὶ
972 972 1150 1063 Ἀδριανοῦ
1177 978 1232 1044 καὶ

85 1080 232 1165 Μάρκου
253 1077 456 1147 Ἀντωνίνου
483 1082 550 1148 τοῦν
577 1076 849 1168 αὐτοκρατόρων,
878 1082 1051 1167 διδαχθεὶς
1074 1079 1140 1150 ὑπὸ
1167 1091 1232 1151 Φα-

83 1192 219 1277 βωρίνῳ
242 1188 297 1254 καὶ
322 1187 514 1274 Πολέμωνι,
542 1187 597 1254 καὶ
623 1192 767 1274 ἔγραψεν
790 1190 1009 1275 ἐφημερίδας,
1034 1189 1231 1279 σύγγραμμα

84 1293 279 1381 πολυμαθὲς
297 1294 352 1360 καλ
372 1294 546 1373 ἐπιστολάς
563 1293 618 1361 καὶ
637 1293 761 1379 λόγους
780 1292 1026 1382 αὐτοσχεδίους,
1046 1287 1094 1364 οῦν
1109 1300 1232 1385 μέμνη-

83 1427 139 1469 ται
167 1400 391 1485 Φιλόστρατος
419 1402 455 1467 ἐν
482 1414 551 1480 τοῖς
573 1406 661 1487 βίοις
682 1404 750 1467 τῶν
775 1404 953 1486 σοφιστῶν.
1001 1405 1168 1485 διεδέξατο
1194 1405 1230 1473 δὲ
1246 1431 1271 1470 ιο

82 1506 192 1576 αὐτοῦ
221 1505 282 1594 τῇν
310 1505 433 1594 σχολὴν
454 1503 628 1595 Ἀδριανὸς
655 1504 672 1574 ὁ
704 1506 873 1594 σοφιστής.
919 1509 1105 1596 σύγχρονος
1129 1511 1165 1577 δὲ
1188 1503 1232 1597 ῇν

78 1613 233 1704 Ἡρώδης
248 1613 430 1703 Ἀριστείδη
454 1617 499 1707 τῇ
524 1618 676 1702 σοφιστῇ.
713 1617 872 1702 φέρονται
892 1615 929 1682 δέ
948 1613 1052 1683 αὐτοῦ
1072 1616 1126 1683 καλ
1145 1615 1231 1684 άλλα

82 1730 232 1806 πλείστα,
257 1723 293 1790 ἐν
317 1716 366 1801 οἷς
384 1719 421 1790 τό
441 1719 649 1808 μεγαλοφυές
666 1721 721 1788 καλ
741 1718 888 1804 ῦψίνουν
908 1727 1007 1790 τοῦδε
1027 1727 1087 1791 τοῦ
1107 1721 1231 1809 ἀνδρὸς

81 1843 294 1898 κατανοεῖται
317 1829 372 1897 καὶ
397 1832 633 1896 διαδείκνυται.
675 1831 823 1918 [τελευτᾷ
847 1826 884 1895 δὲ
902 1825 987 1915 άμφὶ
1006 1827 1045 1896 τά
1066 1831 1097 1912 ς’
1117 1831 1172 1898 καὶ
1197 1830 1229 1897 ο’

82 1942 157 2023 ἔτη,
183 1935 343 2023 ξυντακῇς
366 1934 568 2022 γενόμενος]
1245 1964 1270 2002 ιι

174 2044 405 2111 CCCXXVIII.
437 2039 480 2108 Ἡ
488 2068 507 2126 ρ
520 2069 545 2109 ω
558 2045 578 2108 δ
588 2069 600 2107 ι
611 2067 661 2107 αν
672 2040 717 2120 ός
738 2039 969 2128 Ἀλεξανδρεὺς
994 2043 1229 2130 γραμματικός,
1328 2117 1333 2123 ,

80 2149 157 2230 υίὸς
178 2150 402 2218 Ἀπολλωνίου
425 2153 485 2216 τοῦ
508 2152 737 2236 γραμματικοῦ
761 2152 821 2216 τοῦ
843 2150 1079 2236 ἐπικληθέντος
1099 2151 1229 2217 Δυσκό-

81 2265 154 2328 λου.
191 2259 309 2344 γέγουε
331 2257 413 2325 κατὰ
437 2254 496 2324 τὸν
516 2261 672 2343 Καίσαρα
693 2253 896 2324 Ἀντωνίνον
918 2254 978 2324 τὸν
999 2257 1054 2324 καὶ
1074 2255 1228 2344 Μάρκον,

81 2362 128 2445 ὡς
151 2363 318 2451 νεώτερον
341 2361 428 2431 εἶναι
450 2362 505 2430 καὶ
526 2367 715 2430 Διονυσίου
733 2366 794 2430 τοῦ
812 2361 874 2450 τῇυ
893 2361 1058 2451 μουσικὴν
1077 2367 1228 2448 ίστορίαυ

81 2471 277 2559 γράψαντος
298 2472 353 2538 καΙ
381 2475 532 2549 Φίλωνος
555 2474 616 2536 τοῦ
639 2475 797 2556 Βυβλίου.
845 2475 967 2557 ἔγραφε
989 2470 1104 2539 πολλά.
1243 2497 1269 2536 20

173 2577 370 2644 CCCXXIX.
398 2574 542 2666 Ἥρων
570 2574 702 2655 Κότυος
729 2573 922 2662 Ἀθηναῖος,
945 2576 1078 2670 ῥήτωρ,
1105 2576 1163 2656 τάς
1191 2579 1228 2645 ἐν

78 2682 240 2770 Ἀθήναις
264 2687 358 2763 δίκας
379 2682 565 2771 γεγραφώς,
589 2679 657 2749 εἶτα
680 2681 836 2768 ἐξήγησιν
857 2681 1059 2770 Δεινάρχου,
1079 2680 1228 2770 ῦπομνῇ-

78 2818 168 2878 ματα
200 2795 249 2869 είς
274 2788 475 2877 Ἡρόδοτον,
510 2791 728 2875 Ξενοφῶντα,
760 2793 991 2876 Θουκυδίδην,
1024 2791 1227 2877 κεκριμένων

154 3056 325 3112 CCCXXVII
348 3055 389 3112 Cf.
403 3057 457 3110 Ins.
473 3057 504 3109 A.
520 3055 567 3124 ΙΙΙ,
583 3060 634 3109 667
650 3072 706 3124 seq.
776 3061 791 3108 2
807 3051 959 3125 Ἱππάρχου
979 3055 1052 3110 filius
1071 3058 1115 3111 est
1133 3053 1226 3112 Philo-

80 3139 161 3193 strat.
180 3137 236 3193 vit.
257 3137 326 3207 11,1
347 3131 529 3204 Πλουτάρχου
549 3134 649 3189 vitiose
669 3135 733 3189 libri
787 3131 837 3189 τόν
856 3136 946 3205 δῇμον
964 3139 1035 3206 υκίμ.
1055 3137 1111 3190 τῶν
1130 3133 1227 3205 δήμων

79 3223 158 3271 ABV
208 3224 224 3272 4
243 3217 285 3272 De
304 3216 395 3272 stadio
415 3215 449 3271 ef.
470 3216 586 3285 Pausen.
608 3215 632 3285 Ι,
654 3222 687 3269 19
738 3222 753 3269 5
774 3213 805 3269 δὲ
824 3217 889 3284 poet
907 3207 973 3284 ἦρξε
993 3216 1089 3270 deesse
1109 3217 1227 3270 miratur

78 3299 248 3368 Βιῦκλονιλγ
302 3297 529 3366 8Scopelianum
544 3294 710 3364 magistrum
725 3295 788 3351 add.
805 3294 993 3350 Philostratus
1048 3295 1172 3350 9verbie
1187 3288 1226 3348 ὦν

78 3377 221 3449 μέμνηται
245 3394 301 3447 seq.
332 3377 422 3432 alludi
449 3377 485 3431 ad
508 3374 639 3430 Philostr.
659 3376 676 3429 1.
698 3394 719 3430 ο.
739 3393 766 3445 p.
786 3382 838 3429 244
857 3374 940 3444 Kays.
960 3374 1018 3428 dixi
1042 3376 1111 3429 Mus.
1137 3374 1225 3428 Rhen.

78 3457 185 3512 XXXV
194 3476 221 3527 p.
235 3457 293 3514 197.
311 3459 379 3512 Pars
390 3473 498 3527 quoque
514 3456 662 3511 verborum
675 3455 725 3509 καὶ
740 3453 863 3524 ἔγραφεν
872 3449 1114 3524 --αὐτοσχεδίους
1128 3456 1226 3511 eodem

78 3540 115 3592 de
135 3537 214 3593 fonte
233 3535 378 3592 deseendit
396 3537 440 3606 (ef.
460 3556 487 3606 p.
508 3538 710 3605 244,13seq.).
739 3535 794 3590 Sed
812 3535 898 3591 verbe
916 3532 1063 3599 διεδέξατο
1083 3532 1114 3589 δὲ
1134 3530 1224 3588 αὐτοῦ

81 3651 115 3658 -
136 3614 271 3686 σοφιστής
289 3620 318 3672 et
337 3614 489 3687 σόγχρονος
504 3649 536 3657 -
552 3618 669 3687 σοφιστῇ
685 3616 856 3685 Hesychium
876 3632 959 3684 quam
978 3614 1098 3668 maxime
1118 3614 1226 3685 decent,

78 3700 254 3768 quapropter
276 3696 397 3768 genuino
421 3697 456 3750 de
479 3697 541 3751 Ιοοο
567 3696 642 3750 vitae
666 3696 858 3765 Hesychianae
882 3695 1066 3764 metuatque
1093 3695 1132 3749 sie
1159 3695 1226 3750 olim

78 3781 221 3836 collocata
245 3776 380 3835 conicias:
405 3776 455 3831 καί
478 3776 627 3846 διδαχθείς
646 3775 795 3847 Πολέμωνι
816 3771 967 3844 σόγχρονος
985 3765 1021 3844 ἦν
1040 3807 1073 3815 -
1093 3778 1224 3848 σοφιστῇ·

78 3861 228 3928 διεδέξατο
253 3857 284 3914 δὲ
308 3852 398 3913 αὐτοῦ
421 3889 453 3896 -
478 3853 619 3926 σοφιστής.
658 3854 764 3926 ἔγραφε
790 3888 822 3895 -
846 3850 1053 3926 αὐτοσχεδίους.
1090 3858 1225 3925 φέρονται

47 3976 50 3981 ·
77 3939 112 3996 δὲ
134 3971 166 3980 -
186 3941 382 3994 διαδείκνυται
464 3943 496 3990 12
521 3937 561 3994 Cf.
581 3956 607 3993 v.
624 3932 787 4006 Ἀριστείδης
874 3942 906 3990 13
925 3939 1077 4005 θεωρεῖται
1096 3936 1145 3989 καλ
1164 3956 1223 3991 κατ.

76 4021 152 4090 υκίμ.
172 4022 259 4086 θεωρ.
277 4016 327 4072 καΙ
345 4034 399 4073 om.
419 4021 521 4070 Am

152 4097 336 4152 CCCXXVIII
354 4098 394 4152 Cf.
412 4093 588 4160 Ἀπολλιόνιος
605 4094 797 4168 Ἀλεξανδρεύς
815 4099 844 4152 eb
863 4098 999 4158 Φίλιππος
1018 4114 1081 4164 σοφ.
1114 4096 1223 4166 Proleg.

76 4187 129 4236 c.2
144 4185 160 4245 ξ
173 4185 197 4233 3.
226 4178 267 4232 De
282 4177 334 4232 hae
347 4176 408 4231 vite
421 4177 502 4232 docte
517 4176 672 4248 disputavit
685 4178 795 4246 Rohde,
814 4179 885 4232 Mus.
901 4178 989 4233 Rhen.
999 4176 1115 4230 XXXIV
1129 4195 1155 4244 p.
1171 4181 1224 4229 574

78 4267 113 4316 18
131 4256 183 4313 τὸν
202 4275 256 4313 om.
271 4262 294 4310 A
312 4256 361 4312 κοιλ
381 4275 433 4312 om.
448 4260 495 4309 BE
514 4274 578 4311 mox
592 4262 632 4314 M.
663 4255 713 4313 τόν
732 4257 882 4328 νεώτερον,
898 4253 935 4319 ῦς
954 4255 1028 4311 εἶναι
1046 4253 1182 4324 νεώτερον
1201 4263 1223 4309 Ε

79 4348 115 4396 20
135 4336 351 4410 συγγράφοντας
368 4338 440 4407 vulo.
460 4336 622 4407 γράψαντος
640 4343 663 4391 Δ
682 4337 957 4410 συγγραψαμένουΕ

153 4419 311 4475 CCCXXIX
329 4417 370 4474 Cf.
389 4418 491 4472 Mfiller
508 4418 547 4473 IV
565 4436 591 4488 p.
611 4424 663 4474 428
