2910 5056
528 298 813 358 PROLEGOMENA.
1181 304 1243 358 LIX

14 449 36 466 ”
92 464 225 548 merito,
257 468 293 529 ut
324 465 453 548 opinor,
484 465 525 529 ad
555 464 705 549 Dionysii
739 461 911 531 historiam
945 468 1100 532 musicam
1133 469 1245 534 reiecit

92 570 188 635 Daub
211 594 242 655 p.
262 573 326 636 417
343 594 408 656 seq.
432 573 505 638 coll.
527 572 620 638 Phot.
640 573 660 636 l.
680 595 705 638 c.
726 572 779 656 (cf.
798 573 964 658 Egenolff,
986 574 1136 639 Jahresb.
1158 575 1242 640 1879

92 676 109 741 I
133 700 164 761 p.
187 675 273 764 192).
318 677 431 764 Neque
460 678 495 742 in
522 679 697 764 lyricorum
726 680 802 744 vitis
830 681 947 745 desunt
970 686 1058 746 certa
1086 683 1243 765 quaedam

96 789 298 869 argumenta,
314 786 430 871 quibus
445 808 499 851 eas
516 808 554 850 ex
568 785 721 871 Dionysii
735 809 832 871 opere
848 789 978 853 fluxisse
993 789 1156 873 probatur,
1172 789 1243 853 dico

93 914 122 956 v.
146 891 335 975 Πίνδαρος,
358 890 512 976 Θέογνις,
536 895 753 977 Μίμνερμος,
777 891 986 980 Παρθένιος,
1010 890 1157 978 Σαπφώ,
1185 900 1243 960 Φι-

93 994 243 1082 λόξενος,
271 998 471 1082 Ανακρέων,
503 997 672 1084 Κόριννα,
702 993 860 1083 Ἀλκμάν,
892 1002 1040 1086 inprimis
1073 1005 1182 1067 autem
1215 1027 1243 1069 v.

94 1108 322 1190 Καλλίμαχος,
350 1106 440 1171 cuius
464 1106 532 1171 vita
560 1129 673 1172 ansam
701 1105 742 1197 ad
769 1109 873 1171 totam
902 1110 1124 1193 quaestionem
1151 1109 1242 1174 insti-

95 1213 250 1278 tuendam
274 1211 469 1278 Schneidero
493 1213 590 1278 dedit.

183 1318 245 1385 Sed
268 1320 301 1383 in
325 1320 522 1384 comicorum
542 1319 631 1404 vitis,
654 1320 865 1404 potissimum
885 1321 924 1385 ad
945 1323 1176 1388 enumerandas
1197 1325 1212 1387 f
1232 1361 1243 1371 -

93 1425 201 1509 bulas,
234 1448 272 1490 ex
303 1426 407 1491 altero
438 1449 565 1511 quoque
596 1426 819 1510 promptuario
851 1426 1033 1512 Hesychius
1064 1429 1244 1495 doctrinam
1289 1444 1311 1455 “

94 1555 188 1597 suam
207 1532 354 1598 hausisse
369 1533 533 1618 putandus
549 1537 606 1617 est,
625 1555 663 1598 ex
678 1533 889 1599 Athenaeo.
913 1533 998 1598 Nam
1016 1538 1244 1621 praeterquam

93 1640 180 1724 quod
204 1640 392 1725 saepissime
415 1641 500 1704 Iiber
520 1640 588 1704 eius
608 1641 641 1704 in
661 1641 858 1705 comicorum
878 1640 955 1705 vitis
971 1641 1121 1706 laudatur
1139 1639 1243 1727 (locos

94 1746 214 1831 collegi
236 1745 320 1813 Mus.
343 1747 446 1812 Rhen.
464 1746 584 1812 XXXV
610 1769 641 1831 p.
660 1743 755 1833 200),
779 1769 844 1812 non
868 1747 963 1813 modo
988 1749 1107 1814 multos
1129 1751 1243 1817 titulos

93 1855 135 1919 de
154 1877 192 1919 eo
207 1855 346 1938 pendere
361 1858 435 1939 post
450 1853 684 1937 expositionem
696 1851 904 1936 Volkmanni,
924 1853 962 1917 de
977 1852 1063 1919 Suid.
1078 1879 1109 1939 p.
1123 1857 1166 1922 35
1178 1881 1246 1942 seq.

92 1961 297 2047 aliorumque
320 1945 401 2026 vidit
418 1960 547 2045 Rohde,
569 1959 651 2024 Mus.
672 1960 774 2024 Rhen.
793 1958 934 2024 XXXIII
952 1982 984 2043 p.
1003 1961 1065 2026 182
1086 1967 1168 2047 not,
1188 1965 1243 2028 sed

92 2069 192 2133 etiam
213 2069 398 2150 fabularum
412 2069 542 2133 tabulas
558 2067 746 2152 saepissime
766 2087 804 2130 ex
824 2088 861 2131 eo
883 2089 1030 2132 manasse
1048 2073 1140 2153 patet
1159 2092 1196 2134 ex
1215 2093 1244 2136 v.

92 2175 261 2252 Σέλευκος
272 2170 373 2260 ’Epic
393 2178 426 2239 et
439 2170 669 2259 Νικόστρατος
682 2196 775 2258 κωμ.,
795 2173 910 2238 sicum
925 2173 1058 2240 Rohdeo
1074 2177 1095 2242 I.
1113 2199 1138 2242 c.
1159 2182 1243 2243 utro-

90 2307 157 2368 que
179 2285 252 2349 Iooo
276 2283 482 2348 emendamus
502 2277 579 2365 παρ’
598 2277 768 2368 Ἀθηναίῳ
788 2303 846 2364 pro
866 2279 903 2345 ἐν
921 2278 1102 2368 παραθήκῃ
1126 2282 1244 2368 (ταῦτα

91 2385 173 2476 παρ’
196 2386 364 2477 Ἀθηναίῳ
389 2377 490 2480 εὖρον
513 2384 679 2473 κείμενα),
708 2387 794 2471 quod
818 2386 947 2470 quidem
971 2388 1057 2452 haud
1087 2391 1243 2455 absonum

92 2498 204 2580 fuerit.
214 2496 250 2583 1)’
276 2497 353 2562 Inde
378 2500 485 2560 autem
506 2495 653 2580 quaestio
675 2493 867 2558 difficillima
887 2494 1001 2577 oritur,
1025 2494 1110 2578 quod
1129 2493 1243 2560 Suidas
1343 2571 1345 2576 Ι

95 2627 226 2689 quoque
247 2604 450 2690 Athenaeum
474 2600 657 2666 accuratius
683 2600 823 2684 perlegit
843 2600 1035 2684 saepiusque
1059 2622 1097 2664 ex
1120 2623 1179 2666 suo
1198 2602 1244 2667 in·

91 2711 191 2797 genio
225 2709 384 2774 Athenaei
420 2707 612 2792 quibusdam
646 2706 725 2771 locis
758 2707 842 2771 vitas
878 2704 1103 2790 Hesychiauas
1140 2707 1243 2792 inqui·

92 2816 196 2882 navit.
241 2816 354 2901 Itaque
382 2816 561 2880 rectissiuie
591 2814 699 2896 Daub,
733 2813 771 2876 de
795 2809 880 2878 Suid.
907 2835 938 2896 p.
962 2813 1028 2878 482
1053 2835 1131 2898 seq,
1159 2814 1244 2899 quod

92 2923 229 2990 iteravit
252 2921 342 2989 Stud.
365 2945 395 3006 p.
419 2923 478 2988 138
494 2944 574 3007 seq,
602 2923 689 2985 inter
712 2920 869 3005 Hesychii
892 2925 925 2984 et
949 2918 1064 2985 Suidae
1088 2921 1244 2986 articulos

93 3031 148 3096 vel
172 3029 394 3095 articulorum
411 3029 633 3094 additamenta
660 3027 924 3113 distinguendum
953 3049 1023 3092 esse
1047 3025 1244 3114 iudicavitl)

93 3138 145 3203 Ac
163 3137 303 3221 primum
328 3135 457 3220 quidem
480 3139 567 3202 recte
589 3133 753 3218 perspexit
776 3133 920 3198 omnium
944 3120 1103 3218 locorum,
1127 3129 1243 3218 quibus

93 3243 284 3308 Athenaeus
302 3242 371 3325 ipse
391 3241 548 3325 laudetur,
567 3240 709 3305 indolem
729 3261 799 3305 eam
815 3263 899 3324 esse,
922 3246 960 3305 ut
977 3245 1108 3324 praeter
1126 3262 1244 3305 nomeu

93 3355 213 3436 poetae
241 3348 287 3413 nil
316 3347 380 3412 nisi
410 3347 498 3413 tituli
532 3347 658 3430 aliquot
689 3351 923 3412 enumerentur.
970 3346 1094 3412 Deinde
1126 3349 1243 3429 autem,

93 3457 129 3522 id
148 3455 235 3541 quod
255 3454 484 3540 gravissimum
503 3454 875 3539 videturargumentum
897 3475 979 3532 esse,
999 3453 1111 3518 ecdem
1131 3453 1243 3518 ordine

93 3565 299 3629 enumeratas
328 3582 397 3626 esse
421 3559 561 3644 fabulas,
586 3582 649 3643 quo
672 3560 809 3626 fortuito
839 3561 924 3645 apud
947 3560 1150 3624 Athenaeum
1178 3559 1244 3624 Iau-

93 3672 223 3735 dentur.
269 3667 356 3744 Quae
384 3667 412 3733 si
440 3671 525 3732 reete
554 3668 725 3731 observata
749 3673 839 3753 sunt,
868 3688 1077 3752 permagnam
1102 3667 1244 3731 vitarum

94 3777 294 3844 comicorum
324 3779 452 3859 partem
480 3796 518 3838 ex
542 3773 697 3858 Hesychii
720 3775 881 3839 thesauris
908 3797 973 3838 non
1003 3773 1134 3839 fluxisse
1158 3777 1243 3838 recte

94 3881 280 3968 suspiceris.
303 3882 467 3965 Attamen,
487 3903 559 3946 cum
579 3880 617 3944 de
635 3880 802 3946 nonnullis
822 3880 898 3945 vitis
919 3880 1035 3945 merito
1055 3881 1159 3964 possit
1178 3903 1242 3944 am-

93 3991 181 4078 bigi,
204 4011 325 4073 omnes,
344 3993 381 4053 ut
401 3988 505 4067 decet,
524 3989 558 4052 in
573 3987 748 4052 editionem
763 4008 868 4051 meam
882 3987 1002 4072 recepi,
1020 3986 1241 4072 quaestionem
1358 4027 1362 4035 ·

93 4097 184 4164 enim
206 4096 371 4161 incohavit
392 4095 502 4180 Daub,
524 4116 590 4159 non
614 4093 763 4158 absolvit.

171 4296 199 4354 1)
222 4289 308 4344 Secus
331 4289 367 4344 de
384 4288 428 4343 his
445 4287 514 4343 Iocis
533 4287 641 4343 iudicat
659 4287 831 4355 Volkmann,
851 4285 962 4352 Quaest.
982 4305 1045 4342 nov.
1067 4286 1105 4340 XI
1122 4287 1180 4340 not.
1198 4291 1241 4340 19.

170 4372 199 4438 2)
219 4368 363 4424 Eiusmodi
381 4367 574 4422 addItamenta
596 4368 625 4423 in
644 4368 771 4424 Violario
792 4368 904 4423 omnino
924 4385 980 4422 non
998 4367 1129 4436 inveniri,
1149 4367 1242 4421 obser·
1314 4406 1327 4425 .

91 4448 179 4507 vavit
197 4449 283 4505 etiarn
300 4447 470 4504 Volkmann.
