2880 5054
622 288 836 345 ensiculus,
1238 295 1299 357 151

152 463 240 530 ψατο
268 448 306 517 τὸ
337 447 575 535 οίκοσκοπικδν,
603 449 766 537 οἰώνισμα
802 448 867 534 [ὅτι
899 445 973 519 οἷον
1005 456 1035 518 εί
1067 454 1103 519 ε’ν
1135 458 1174 540 τῇ
1203 456 1300 543 στέγῃ

153 557 262 644 ἐφάνη
292 562 376 643 γαλῆ
400 554 421 644 ἢ
441 556 532 644 όφις,
555 556 633 625 τόδε
657 563 834 644 σημαίνει]

243 683 421 749 DLXXIV.
450 684 639 766 Ξενοφῶν
654 680 808 767 Γρύλλου
819 679 1008 769 Ἀθηναῖος,
1023 683 1210 769 φιλόσοφος
1226 691 1300 751 Σω-

101 849 106 860 .
152 786 323 876 κρατικός,
355 783 392 866 ὃς
420 791 549 872 πρῶτος
579 792 701 874 ἔγραψε
722 793 826 873 Ιβίους
849 789 1048 876 φιλοσόφων
1072 791 1127 858 καὶ
1151 788 1299 876 ἀπομνη-

152 892 356 982 μονεύματα.
376 899 498 974 παῖδας
513 899 607 980 ἔσχεν
622 891 686 962 άπὸ
702 901 862 980 Φιλησίας
872 895 1026 982 Γρύλλον
1040 896 1095 963 καὶ
1106 895 1298 982 Διόδωρον,
1313 919 1325 958 e

154 1008 189 1070 οδ
210 1003 266 1068 καὶ
285 999 492 1088 Διόσκουροι
516 1003 711 1069 ἐκαλοῦντο·
735 998 834 1081 αὐτὸς
859 1001 896 1069 δὲ
912 1000 1037 1089 Ἀττικὴ
1062 1004 1194 1091 μέλιττα
1218 1006 1299 1071 ἐπω-

153 1108 324 1197 νομάζετο.
378 1110 495 1195 γέγονε
535 1107 572 1175 δὲ
609 1106 836 1195 συμφοιτητὴς
871 1107 1054 1188 Πλάτωνος
1090 1111 1145 1176 καὶ
1177 1108 1298 1197 ἤκμαζε

150 1215 234 1282 κατὰ
266 1214 328 1301 τὴν
362 1214 411 1295 qe'
440 1211 640 1302 ὀλυμπιάδα.
692 1219 813 1302 ἔγραψε
846 1220 958 1300 βιβλία
988 1222 1126 1284 πλείονα
1154 1220 1221 1283 τῶν
1250 1215 1297 1304 μ’,

152 1314 201 1389 ῶν
220 1322 417 1390 καὶταῦτα·
441 1320 561 1409 Κύρου
584 1325 735 1400 παιδείας
758 1326 870 1406 βιβλία
894 1321 940 1408 η’,
960 1321 1079 1410 Κύρου
1103 1320 1298 1408 ἀναβάσεως

151 1433 265 1514 βιβλία
290 1428 329 1513 ζ’,
352 1425 557 1515 Ἑλληνικῶν
581 1433 694 1513 βιβλία
719 1427 757 1512 ζ’,
782 1427 969 1515 συμπόσιον
995 1429 1050 1496 καὶ
1073 1427 1158 1496 άλλα
1182 1428 1296 1497 πολλά.
1312 1455 1337 1493 ιο

238 1555 399 1620 DLXXV.
435 1554 624 1637 Ξενοφῶν
640 1548 824 1646 Ἀντιοχεύς
843 1551 1016 1640 ίστορικός.
1054 1555 1299 1639 Βαβυλωνιακά

150 1663 236 1751 (ἔστι
261 1661 298 1729 δὲ
322 1660 486 1749 ἐρωτικά).

238 1788 415 1854 DLXXVI.
444 1787 633 1872 Ξενοφῶν
653 1783 804 1871 Ἐφέσιος
819 1783 995 1871 ίστορικός.
1020 1780 1198 1870 Ἐφεσιακά
1214 1787 1296 1873 (ἔστι

149 1894 187 1962 δὲ
211 1891 351 1981 ἐρωτικά
374 1898 487 1979 βιβλία
511 1892 536 1960 ι’
560 1893 635 1978 περὶ
661 1889 868 1977 Ἀβροκόμου
890 1892 946 1958 καὶ
971 1891 1116 1978 Λυδίας)
1140 1892 1195 1958 καὶ
1221 1893 1296 1978 περὶ

147 2005 207 2088 τῆς
229 1999 357 2080 πόλεως
376 1997 540 2086 Ἐφεσίων
562 1999 618 2065 καὶ
642 1996 733 2065 ἅλλα.
1311 2030 1336 2070 15

235 2126 432 2203 DLXXVII.
472 2126 688 2210 Ξενοφῶν
703 2121 866 2208 ’,Κύπριος
895 2122 1069 2208 ἱστορικός.
1116 2123 1295 2210 Κυπριακά

147 2234 233 2320 (ἔστι
254 2231 364 2299 δὲκαὶ
383 2228 468 2299 αύτδι
488 2233 657 2319 ἐρωτικῶν
676 2227 874 2296 ὑποθέσεων
894 2233 1030 2317 ἱστορία,
1042 2231 1116 2317 περὶ
1135 2256 1169 2298 τε
1191 2229 1296 2298 Κινύ-

146 2366 211 2428 ραν
234 2340 291 2406 καὶ
315 2337 462 2427 Μύρραν
486 2341 541 2404 καὶ
556 2335 730 2425 Ἄδωνιν).

238 2456 448 2522 DLXXVIII.
490 2450 692 2539 Οἰνόμαος
715 2451 899 2538 Γαδαρεύς,
930 2448 1119 2537 φιλόσοφος
1149 2451 1295 2537 κυνικός,

145 2558 294 2648 γεγονῶς
318 2559 358 2628 ού
381 2564 492 2652 πολλῶ
515 2556 737 2648 πρεσβύτερος
764 2563 972 2646 Πορφυρίου.
1017 2558 1092 2645 περὶ
1115 2561 1291 2644 κυνισμοῦ,
1306 2592 1333 2632 ιο

145 2672 331 2753 πολιτείαν,
354 2668 429 2755 περὶ
452 2670 511 2753 τῆς
529 2662 610 2732 καθ’
623 2662 770 2750 ’Όμηρον
791 2669 1004 2751 φιλοσοφίας,
1028 2664 1102 2751 περὶ
1122 2663 1294 2752 Κράτητος

146 2775 204 2843 καὶ
229 2775 416 2861 Διογένους
437 2775 493 2841 καὶ
516 2777 583 2840 τῶν
606 2773 742 2839 λοιπῶν.
1283 2765 1295 2776 “

235 2892 412 2959 DLXXIX.
447 2885 763 2976 Ὀλυμπιόδωρος
782 2885 969 2973 φιλόσοφος
985 2883 1230 2974 Ἀλεξανδρεύς,
1253 2879 1294 2956 ού

143 3136 291 3209 οίύνισμα.
323 3139 355 3194 In
376 3139 476 3194 Suidae
495 3137 574 3193 libris
593 3137 663 3192 haec
682 3136 742 3190 vita
760 3136 797 3190 ad
822 3137 927 3192 calcem
946 3136 1110 3191 Xenocratis
1133 3136 1295 3206 philosophi

144 3220 245 3276 addita
259 3223 303 3275 eet
385 3227 399 3274 1
418 3213 462 3274 ότι
478 3218 591 3273 -exit
607 3217 759 3272 exSac'dae
777 3217 871 3286 glossa
890 3213 1028 3287 οίόνισμα
1045 3216 1229 3284 adscriptum,
1249 3216 1294 3270 cui

143 3299 262 3354 fortasse
280 3298 343 3353 tota
361 3298 421 3353 vita
440 3298 565 3366 debetur,
584 3296 819 3365 quemadmodum
839 3297 946 3369 glossae
959 3291 1082 3364 Ἕλενος,
1100 3292 1217 3363 Πόλλης,
1236 3298 1293 3350 Πο-

144 3377 303 3448 σειδώνιος,
322 3396 391 3447 quae
411 3379 537 3434 consulto
556 3378 610 3432 hac
628 3376 750 3431 editione
770 3375 851 3430 omisi

148 3485 152 3492 ·
215 3458 356 3513 DLXXIV
375 3465 390 3513 3
411 3454 520 3528 Γρύλον
540 3461 569 3514 ct
586 3475 651 3512 mox
671 3452 780 3525 Γρύλον
794 3462 817 3507 Δ
837 3452 962 3524 Γρύλλον
977 3457 1049 3526 culp.
1104 3451 1189 3525 ὃσδ’
1210 3452 1292 3525 Diog.

142 3540 177 3610 II,
198 3545 231 3594 55
252 3535 298 3611 (μ’
319 3543 421 3591 ABVE
442 3535 490 3610 (μ’
509 3539 559 3594 rel.
633 3544 647 3591 9
668 3536 707 3590 Of.
728 3555 754 3590 v.
775 3535 981 3605 Θεμιστογένης

215 3627 376 3682 DLXXv—
382 3627 537 3682 DLXXVII
551 3628 592 3682 De
606 3627 696 3696 primo
710 3629 739 3682 et
748 3625 832 3682 tertio
842 3625 996 3696 disputavit
1005 3625 1112 3691 Rohde,
1127 3625 1173 3680 Gr.
1184 3625 1294 3681 Roman

143 3727 170 3778 p.
186 3712 239 3762 346
259 3707 305 3777 (cf.
320 3707 401 3778 Diog.
416 3708 451 3775 II,
466 3709 519 3776 59),
538 3707 573 3761 de
592 3708 681 3761 altero
700 3707 737 3761 ib.
757 3725 783 3776 p.
799 3712 851 3761 388
866 3724 932 3775 eeq.‚
953 3705 1001 3774 qui
1019 3724 1047 3774 p,
1062 3711 1114 3760 346
1134 3709 1191 3761 not.
1207 3713 1222 3760 2
1241 3724 1293 3760 nec

144 3787 268 3856 priorem
283 3788 311 3842 et
325 3805 352 3856 p.
364 3793 416 3842 394
426 3803 483 3855 eeq.
498 3801 550 3839 nec
565 3786 685 3840 alterum
699 3787 890 3857 pseudonymo
904 3786 1017 3842 nomine
1031 3803 1112 3840 usum
1126 3805 1185 3842 esee
1200 3790 1291 3844 oeten-

143 3869 186 3923 dit
278 3873 310 3921 11
335 3867 379 3922 eic'
394 3871 444 3919 AV
468 3862 652 3940 Βαβυλωνικά
675 3869 747 3937 culp.
767 3869 869 3941 Βαβυλ.
894 3867 979 3922 etiam
1003 3866 1158 3922 Iamblicho
1182 3869 1291 3936 dantur,

143 3946 222 4002 cuiue
241 3947 276 4002 cf.
296 3945 384 4001 vitam
458 3952 490 4000 13
509 3945 591 3999 Hunc
609 3945 682 4000 inter
701 3949 820 4004 alterum
844 3949 873 4004 et
890 3948 1006 4003 tertium
1028 3949 1170 4002 saeculum
1189 3948 1290 4003 vixisse

143 4029 228 4085 evicit
245 4029 342 4084 Rota
354 4047 382 4098 p.
397 4034 449 4082 392
523 4032 557 4080 14
576 4044 639 4081 cum
658 4029 828 4100 Ephesiam,
847 4046 919 4099 qnae
937 4029 1021 4084 hodie
1041 4031 1148 4097 extant,
1168 4030 1290 4098 quinque

142 4109 230 4165 Iibroe
250 4109 423 4177 contineant,
442 4108 583 4179 epitomen
597 4106 649 4161 illa
665 4108 803 4178 genuinae
817 4108 931 4163 fabulae
946 4125 1006 4163 esee
1021 4108 1092 4162 vidit
1105 4108 1209 4175 Rotae,
1228 4108 1246 4162 I.
1267 4125 1289 4162 c.
1308 4115 1313 4122 '

142 4208 169 4258 p.
189 4195 240 4244 401
262 4191 341 4262 not„
394 4194 427 4243 17
446 4184 573 4258 Κινύρας
591 4187 640 4242 καὶ
658 4184 778 4257 Μύρρας
797 4189 845 4244 καλ
861 4184 1007 4250 Ἀδώνιδος
1024 4188 1161 4242 Καείινκε

214 4277 383 4335 DLXXVIII
401 4285 435 4334 20
455 4273 488 4334 ού
506 4278 596 4351 πολλῷ
616 4280 711 4347 πρεσβ.
727 4279 820 4346 Πορφ.
840 4278 874 4333 de
894 4275 1031 4333 eiusmodi
1051 4274 1162 4329 dicendi
1180 4274 1290 4332 ratione

144 4360 178 4415 cf.
198 4359 311 4427 Rome,
331 4360 402 4414 Mus,
421 4359 510 4416 Rhen,
529 4359 647 4413 XXXIII
665 4363 832 4428 p.170ecq.
1305 4391 1309 4402 ι

215 4437 357 4493 DLXXIX
376 4456 430 4494 om.
446 4439 583 4494 Westerm.
