2880 5054
609 327 825 387 HESYCHIUS.
1225 323 1287 388 179

139 492 315 580 τολμήσει,
350 493 529 575 σκεψάσθω
563 501 595 560 εί
623 518 680 579 μοι
714 490 893 578 δυνήσεται
920 489 1116 577 πολεμεῖνἼ.
1167 492 1290 577 ἔγραψε

140 602 216 685 περὶ
243 599 464 688 Ἀλεξάνδρου
491 603 552 669 τού
576 599 790 687 Μακεδόνος,
819 596 1107 687 ὥρουςΣαμίων,
1135 599 1289 685 Βρούτου

145 707 329 795 ἐγκώμιον,
353 713 524 791 Καίσαρος
547 705 727 793 ἐγκώμιον,
751 706 826 789 περὶ
848 711 977 773 τελείου
1001 705 1149 792 ῥήτορος.

196 848 198 851 ’
233 815 439 881 DOLXVHI.
467 818 668 895 Πρατίνας
685 818 914 901 Πυρρωνίδου
932 809 953 899 ή
970 811 1166 899 Ἐγκωμίου,
1188 809 1290 879 Φλιά-

141 939 231 1006 σιος,
259 917 397 1006 ποιητής
422 923 617 1010 τραγῳδίας.
662 916 903 1007 άντηγωνίζετο
934 919 971 987 δὲ
994 917 1152 1010 Αίσχύλῳ
1179 943 1213 985 τε
1235 919 1318 985 καὶὸ

142 1026 291 1116 Χοιρίλῳ
324 1027 376 1095 ἐπὶ
408 1030 466 1114 τῆς
494 1026 525 1095 ο’
555 1024 760 1114 ὀλυμπιάδος
791 1027 846 1094 καὶ
874 1030 1004 1115 πρῶτος
1037 1031 1159 1114 ἔγραψε
1193 1022 1291 1094 σατύ-

142 1159 232 1220 ρους.
287 1135 561 1221 ἐπιδεικνυμένου
589 1133 626 1200 δὲ
653 1135 776 1202 τούτου
804 1136 927 1220 συνέβη
955 1133 995 1202 τά
1026 1139 1130 1222 ίκριά,
1158 1131 1211 1220 ἐφ’
1243 1124 1291 1201 ὧν

142 1242 325 1326 ἑστήκεσαν
350 1242 385 1307 οί
405 1246 539 1325 θεαταί,
562 1253 687 1323 πεσεῖν,
712 1242 767 1307 καὶ
791 1243 826 1308 ἐκ
849 1240 972 1309 τούτου
995 1243 1143 1328 θέατρον
1167 1237 1292 1332 ςόκοδο-

143 1344 238 1433 μήθη
260 1343 461 1431 Ἀθηναίοις.
501 1348 556 1412 καὶ
582 1346 732 1433 δράματα
755 1345 817 1433 μὲν
841 1348 1029 1428 ἐπεδείξατο
1052 1348 1099 1433 ν’,
1124 1338 1171 1415 ὧν
1193 1356 1293 1415 ’σατυ-

146 1451 225 1547 ρικόι
249 1451 316 1537 λβ,
339 1455 471 1538 ἐνίκησε
495 1452 532 1519 δὲ
555 1450 649 1533 ἅπαξ.
1308 1469 1334 1508 1⁰

235 1559 408 1626 DOLXIX.
459 1551 633 1644 Πρίσκος
665 1564 815 1645 Πανίτης
852 1563 1024 1647 σοφιστής,
1051 1550 1209 1648 ’γεγονὼς
1241 1563 1294 1659 ἐπὶ
1355 1623 1357 1627 .

143 1669 214 1735 τῶν
233 1664 367 1753 χρόνων
385 1668 572 1734 Θεοδοσίου
590 1670 651 1734 τοῦ
671 1671 801 1753 μικροῦ.
839 1672 982 1754 ἔγραψεν
1002 1671 1154 1754 ίστορίαν
1168 1676 1293 1751 Βυζαν-

144 1773 264 1860 τιακήν
287 1775 342 1841 καὶ
361 1774 401 1840 τά
424 1772 496 1842 κατ’
519 1769 668 1842 Ἀττίλαν
692 1777 730 1842 ἐν
753 1780 896 1861 βιβλίοις
919 1775 965 1862 η’,
989 1777 1123 1861 μελέτας
1145 1802 1180 1844 τε
1199 1778 1294 1863 ῥητο-

147 1879 244 1965 ρικάς
266 1881 322 1948 καὶ
345 1878 527 1959 ἐπιστολάς.
555 1923 557 1928 ·

236 1979 392 2055 DOLXX.
435 1990 704 2076 Προαιρέσιος
732 1994 948 2074 Πανκρατίου
975 1990 1202 2076 Καππαδόκης
1228 1987 1293 2058 άπδ
1309 2001 1334 2041 1⁵
1432 2063 1437 2072 ‚

148 2097 370 2180 Καισαρείας,
399 2094 573 2182 σοφιστής,
597 2096 811 2182 μαθητεύσοις
834 2098 871 2164 ἐν
890 2095 1073 2187 Ἀντιοχείᾳ
1095 2097 1185 2187 παρά
1211 2089 1321 2166 Ούλὲ

145 2205 266 2291 πιανῳ.
312 2201 428 2287 γέγονε
461 2201 498 2268 δὲ
529 2201 676 2289 [μικρὸν]
708 2201 772 2290 πρὸ
804 2209 971 2289 Λιβανίου
1000 2204 1082 2272 κατὰ
1112 2203 1170 2286 τάς
1199 2202 1295 2291 Ἀθή-

147 2336 208 2388 νας
238 2308 464 2395 σοφιστεύων,
493 2309 549 2375 καὶ
577 2313 682 2395 τιμῶν
716 2315 808 2396 ἔτυχε
834 2314 902 2377 τῶν
926 2316 1090 2397 μεγίστων
1118 2309 1206 2400 παρά
1236 2315 1297 2404 τοῦ

150 2414 396 2503 αὐτοκράτορος
419 2422 690 2483 Κωνσταντίυου.
727 2418 862 2503 μελέτας
885 2416 1069 2502 ῥητορικάς.
1106 2409 1218 2501 [οὗτος
1240 2416 1296 2504 ήκ-

148 2520 254 2610 μασεν
269 2523 322 2589 ἐπὶ
332 2522 531 2609 Ἰουλιανοῦ,
552 2521 736 2610 σύγχρονος
747 2529 897 2613 Λιβανίῳ
912 2529 957 2616 τῷ
974 2529 1127 2614 σοφιστῇ,
1142 2526 1196 2592 καὶ
1208 2523 1297 2604 ὅπως
1310 2536 1337 2575 2⁰

148 2635 271 2716 λυποίη
290 2633 410 2698 τοῦτον
430 2627 448 2697 δ
466 2629 659 2715 Ἰουλιανός,
678 2628 738 2697 τὸν
753 2629 918 2715 Λιβάνιον
940 2631 1089 2718 μεγάλως
1108 2633 1258 2717 ἑθαύμαζ
1274 2636 1296 2716 .]

238 2737 411 2805 DOLXXI.
440 2735 644 2824 Πρόδικος
663 2742 764 2815 Κεῖος
782 2734 845 2804 άτιδ
861 2739 937 2805 Κέω
957 2742 1015 2824 τῆς
1033 2737 1152 2825 νήσου,
1170 2738 1297 2817 πόλεως

151 2845 197 2914 δὲ
219 2843 396 2931 Ἰουλίδος,
428 2843 615 2932 φιλόσοφος
647 2842 788 2930 φυσικὸς
818 2845 873 2911 καὶ
906 2845 1080 2933 σοφιστής,
1114 2844 1299 2933 σύγχρονος
1394 2858 1397 2864 “

224 3040 239 3086 1
258 3029 389 3103 τολμήσει
407 3033 483 3087 Εκιί.
503 3027 633 3101 τολμήσω
651 3033 723 3100 νκλη.
804 3038 819 3084 2
840 3026 930 3103 όρονς
949 3051 1017 3089 corr.
1036 3034 1203 3105 Bernhardy
1223 3027 1299 3103 ὅροις

156 3115 222 3170 libri
295 3109 405 3167 3πάνν
424 3112 597 3182 θαυμαστῶς
616 3110 679 3164 cdd.
694 3111 770 3165 Eud.
1267 3106 1268 3111 ’

221 3192 386 3248 DOLXVIII
409 3192 541 3247 [tractant
555 3189 694 3258 Welcker,
706 3190 751 3246 Gr.
763 3190 844 3262 Trag.
856 3212 882 3262 p.
895 3200 936 3260 17,
951 3193 1058 3260 Nauck,
1072 3195 1106 3250 fr.
1117 3196 1188 3263 trag.
1200 3213 1227 3263 p.
1239 3200 1298 3249 562.

153 3271 459 3342 cf.clint0np.2eKr.
509 3277 568 3325 ὅτε
586 3274 841 3338 -Χοιρ.υω.Α’
878 3273 954 3327 GDe
970 3275 1099 3342 sequenti
1113 3273 1210 3328 fabula
1224 3273 1258 3327 cf.
1273 3291 1298 3326 v.

152 3351 287 3424 Αἰσχύλος
302 3355 332 3407 et
341 3352 441 3406 Suidas
455 3371 476 3407 s.
487 3350 563 3418 ίκρίοι
631 3356 646 3403 9
664 3345 793 3418 Ἀθήναις
807 3353 852 3406 vel
865 3348 995 3423 Ἀθήνησι
1006 3372 1038 3408 ex
1054 3352 1218 3423 compendio
1233 3355 1262 3407 in
1273 3357 1300 3404 ’Δ

152 3433 300 3506 proposuit
310 3433 443 3500 Gaisford
469 3430 473 3436 ’
516 3437 549 3483 10
564 3425 590 3482 λ’
601 3435 631 3496 V,
647 3447 702 3498 qua
720 3432 754 3485 de
773 3449 803 3486 re
825 3433 858 3487 cf.
874 3433 1015 3504 Welcker,
1035 3434 1189 3504 Satyrspiel
1205 3453 1232 3504 p.
1248 3438 1300 3487 280

226 3513 363 3568 DCLXIX
381 3513 457 3567 Eue.
478 3532 503 3582 p.
522 3517 581 3566 593.
617 3510 657 3564 cf.
676 3511 829 3565 Mellerlv
848 3532 874 3582 p.
891 3520 923 3568 69
939 3531 995 3582 seq.
1053 3520 1085 3567 12
1105 3510 1300 3583 Βυζαντιακήν

155 3599 258 3647 mr:
278 3588 454 3659 Βυζαντικήν
472 3593 544 3662 cele.
559 3593 635 3646 Ειιιί.
706 3598 738 3645 13
758 3590 858 3646 καὶτὰ
878 3598 929 3646 Av
948 3597 1105 3649 correxerat
1122 3595 1248 3650 Valesius
1266 3591 1300 3648 τὰ

155 3693 208 3730 om.
224 3675 299 3742 υκίς.
313 3673 390 3727 Eud.
424 3668 544 3726 Ἀττίλαν
559 3670 680 3726 correxit
693 3672 846 3739 Reinesics,
863 3668 989 3743 Ἀττήλαν
1004 3676 1049 3729 vel
1061 3669 1171 3744 Ἀιτήλοι
1185 3676 1302 3745 Bentley

152 3750 281 3823 Ἀττήλιιν
297 3752 384 3808 ctiam
397 3753 534 3807 Καείινκε
550 3748 677 3806 Ἄτταλον
695 3754 767 3821 ναῖς.
783 3754 858 3807 Eud.
894 3754 955 3807 Non
976 3755 1030 3808 duc
1056 3772 1142 3826 opera
1159 3755 1301 3820 historica,

155 3835 204 3888 sed
222 3852 311 3887 unum
328 3831 458 3901 idemque
473 3832 591 3886 indicari
604 3835 680 3886 recte
695 3833 796 3887 statuit
808 3834 941 3904 Niebuhr,
956 3836 1043 3905 praef.
1062 3855 1089 3907 p.
1104 3837 1221 3890 XXVIII
1241 3839 1302 3903 (nec

156 3913 299 3968 diversum
318 3913 354 3966 ab
373 3913 498 3967 eiusdem
520 3912 590 3966 libro
611 3909 718 3980 ἱστορία
739 3911 876 3981 Γοτθική)

226 3992 352 4046 DCLXX
369 3993 446 4048 Eud.
465 3993 483 4047 l.
504 4008 526 4045 ο.
560 3990 600 4045 Cf.
620 3992 726 4061 Eunap.
746 3995 758 4046 Ι
777 4013 803 4062 p.
821 4000 853 4048 73
914 4001 946 4048 17
966 3992 1065 4066 μικρὸν
1084 4000 1229 4050 cmm
1248 3994 1301 4049 del.

156 4073 294 4139 Gaisfcrd
349 4078 382 4127 18
400 4066 477 4139 παρὰ
496 4087 549 4124 cm.
565 4075 641 4123 Ave
659 4071 762 4127 iniuria
777 4075 830 4128 del.
846 4074 935 4142 Getes.
992 4082 1024 4130 19
1040 4069 1123 4139 οὗτος
1136 4107 1170 4116 -
1186 4075 1251 4130 exit.
1267 4076 1301 4129 eb

156 4152 298 4221 Hesychio
316 4151 410 4207 aliene
429 4169 489 4206 esse
510 4154 601 4222 patet,
622 4170 674 4207 om.
691 4161 713 4207 V
732 4159 761 4210 et
775 4156 850 4211 Εκιί.
871 4147 952 4217 οὗτος
967 4175 1020 4213 cm.
1034 4163 1070 4222 A;
1088 4173 1157 4212 voce
1176 4152 1303 4226 ἤκμασεν

156 4235 232 4288 enim
252 4235 374 4288 alterum
393 4233 494 4288 aetatis
512 4234 664 4288 terminum
681 4236 742 4289 dari
761 4253 793 4289 ec
812 4236 904 4289 verbis
918 4233 1017 4304 χὲχονε
1037 4233 1090 4304 πρὸ
1111 4280 1117 4292 .
1133 4278 1139 4291 .
1156 4280 1161 4291 .
1178 4240 1302 4306 apparet,

133 4318 137 4327 “
157 4316 232 4383 quod
251 4314 287 4368 ab
304 4313 437 4384 Hesychii
456 4315 655 4369 consuetudine
674 4315 781 4370 recedit
848 4320 882 4368 20
898 4332 953 4382 seq.
973 4317 1042 4370 haec
1057 4332 1139 4370 sensu
1154 4334 1248 4372 carere
1263 4317 1314 4371 vi-.

156 4397 259 4450 dentur
331 4401 364 4448 21
380 4396 461 4466 λείπῃ
475 4396 520 4450 vel
535 4397 625 4449 λείποι
640 4396 797 4464 Remmius,
812 4395 887 4464 quod
900 4395 1001 4450 merito
1015 4397 1123 4465 respuit
1136 4399 1304 4469 Bernhardy

228 4473 369 4531 DOLXXI
387 4472 462 4528 Ειιιί.
481 4491 509 4544 p.
530 4480 590 4529 610.
628 4473 668 4532 Cf.
687 4474 850 4534 Philostret.
868 4478 918 4534 vit
937 4479 963 4549 Ι,
982 4483 1016 4533 12
1040 4481 1070 4533 ct
1088 4479 1174 4536 schol.
1193 4479 1303 4536 Platon.

1035 4567 1090 4631 12*
