2910 5056
624 285 837 346 unsrcfflue
1239 293 1302 358 135

150 448 348 536 ιιονυήσιος,
373 447 561 536 φιλόσοφος
580 448 803 529 Πλατωνικός.
844 454 966 537 ἔγραφε
985 451 1158 539 φιλόσοφα
1178 455 1233 522 καὶ
1254 460 1302 535 είς
1344 524 1346 528 ,

153 554 227 643 τὴν·
240 555 424 634 Πλάτωνος
446 559 616 623 πολιτείαν
640 560 753 640 βιβλία
776 554 819 643 μ’.

242 665 297 732 DI.
335 661 573 750 Μάναιχμος
596 661 797 749 Σικυώνιος,
821 661 894 742 υίὸς
909 661 1078 749 Ἀλκιβίου
1100 661 1120 753 ἢ
1140 663 1300 752 Ἀλκιβιά-

151 776 234 857 δον,
258 770 432 859 ἱστορικός.
468 769 642 857 γίνονεδὲ
662 771 801 838 ἐπὶτῶν
821 770 998 859 διαδόχων.
1045 776 1190 861 ἔγραψεν
1214 777 1301 841 ίστο-

153 883 232 963 ρίαν
255 876 317 964 τὴν
339 875 422 947 κατὰ
445 875 506 945 τὸν
525 874 710 944 Μακεδόνα
731 872 960 963 Ἁλέξανδρον.
1055 936 1059 943 .
1315 904 1327 943 ι

244 987 316 1052 DII.
358 983 556 1062 Μάυεθως
592 985 771 1069 Μένδητος
802 986 860 1069 τῆς
892 985 1083 1072 Αἰγύπτου,
1120 985 1299 1076 ἀρχιερεύς.

154 1097 280 1177 ἔγραψε
303 1091 378 1179 περὶ
400 1094 606 1176 κατασκευῆς
628 1095 768 1175 ννφίων.

240 1209 329 1275 Dlll.
348 1212 391 1274 Μ
392 1204 545 1285 άνεδως
556 1203 772 1283 Διοσπόλεως
784 1208 843 1291 τῆς
853 1205 1026 1292 Αἰγύπτου
1039 1203 1060 1293 ἢ
1076 1210 1298 1297 Σεβεννύτης.

150 1313 389 1400 φυσιολοχικά,
413 1309 693 1398 άποτελεσματιιιδι
718 1309 763 1378 δι’
786 1312 875 1378 ε’πῶν
899 1311 954 1378 καλ
978 1310 1062 1380 άλλα
1082 1314 1158 1382 τινά
1178 1314 1297 1405 άστρο-

149 1419 353 1508 νομούμευα.
1200 1473 1204 1483 .
1314 1451 1338 1489 ω

240 1528 328 1604 Dlv.
351 1527 534 1614 Μάξιμος
557 1525 678 1612 Τύριος
697 1523 894 1612 φιλόσοφος,
915 1528 1062 1615 διέτριψε
1082 1528 1119 1597 δὲ
1138 1531 1174 1597 ἐν
1189 1526 1297 1619 Ῥοίμη

153 1634 204 1701 ἐπὶ
234 1633 406 1721 Κομόδου.
451 1634 526 1722 περὶ
556 1629 716 1720 Ὁμήρου,
743 1633 799 1699 καὶ
823 1636 872 1712 τίς
899 1630 920 1720 ἡ
953 1631 1032 1722 παρ’
1058 1633 1147 1727 αύτῷ
1176 1633 1298 1724 άρχαία

152 1746 354 1828 φιλοσοφία,
387 1745 417 1808 εί
445 1745 554 1818 καλῶς
577 1737 760 1826 Σωκράτης
785 1735 845 1806 otu
868 1735 1111 1830 ἀπελογήσατο,
1135 1745 1190 1811 καὶ
1213 1743 1298 1812 άλλα

153 1845 229 1916 τινὰ
252 1847 424 1935 φιλόσοφα
449 1845 620 1934 ζητήματα.

237 1964 308 2031 DV.
356 1962 561 2050 Μάξιμος
597 1959 798 2048 Ἠπειρώτης
825 1957 845 2048 ἢ
878 1962 1063 2045 Βυζάντιος
1095 1965 1292 2052 φιλόσοφος,
1312 1991 1337 2030 15

150 2068 350 2150 διδάσκαλος
369 2070 559 2139 Ἰουλιανοῦ
578 2073 750 2154 Καίσαρος
767 2071 828 2136 τοῦ
846 2069 1050 2157 παραβάτου.
1079 2077 1202 2159 έγραύε
1220 2074 1296 2160 περὶ

149 2356 203 2393 om.
218 2338 294 2401 Εαιλ.
364 2347 379 2394 2
399 2336 450 2410 τὴν
466 2369 497 2378 —-
513 2337 658 2391 πολιτείαν
677 2336 771 2405 recepi
790 2352 824 2409 ex
837 2335 913 2390 Εαιλ.
932 2333 983 2400 τὰς
998 2369 1028 2376 -
1045 2341 1188 2402 πολιτείας
1207 2327 1297 2408 Stilo,

149 2418 183 2473 cf.
204 2439 228 2474 v.
247 2415 432 2490 Ὀνόσανδρος
1099 2463 1107 2473 .

217 2507 257 2561 Dl
276 2509 351 2563 Εαιί.
371 2526 397 2577 p.
413 2513 473 2562 493.
504 2505 544 2560 of.
564 2504 679 2574 Miiller,
698 2504 798 2575 Script.
814 2507 856 2560 ΑΙ.
874 2525 901 2575 p.
918 2512 968 2562 145
1023 2513 1039 2562 3
1059 2506 1214 2578 Μύνεχμος
1231 2526 1295 2579 pars

147 2587 210 2643 libr.
230 2586 397 2658 Μέναιχμος
418 2604 488 2641 corr.
509 2587 615 2641 Metller
705 2590 720 2639 5
744 2587 801 2640 τῶν
824 2587 925 2641 maluit
944 2587 1077 2655 Gaissord
1100 2588 1137 2645 al.
1156 2584 1208 2657 τὴν
1231 2590 1296 2646 libri

147 2667 226 2723 Soio.
244 2668 320 2723 Ενιλ.

217 2747 270 2802 DII
289 2765 343 2802 om.
355 2748 491 2803 Wecterm.
512 2747 627 2800 Tractat
640 2745 743 2800 Miiller
756 2747 782 2800 ΙΙ
795 2767 822 2818 p,
833 2752 883 2802 511
937 2756 952 2804 6
967 2747 1115 2812 Μάνεθως
1124 2755 1200 2804 Acv
1213 2749 1295 2806 Μάν-

148 2832 241 2891 αιθως
259 2829 309 2883 rel.
324 2825 474 2897 Μένδητος
489 2825 589 2896 scripsi
606 2827 730 2881 monitus
749 2843 767 2880 a
783 2829 971 2885 Gutschmidc'o
990 2829 1064 2899 (coll.
1079 2849 1104 2886 v.
1119 2834 1197 2887 Μαν.
1214 2838 1294 2886 Διοσ-

146 2903 264 2976 πόλεως)
282 2905 401 2978 Μένδης
419 2910 490 2978 υνίη.
505 2902 657 2975 Μενδύτης
676 2908 746 2961 coni.
766 2911 926 2964 Holstcoc'os
950 2910 986 2963 ad
1006 2910 1101 2980 steph.
1126 2930 1152 2967 v.
1167 2909 1295 2980 Μένδης,

145 2990 292 3058 Μενδίτης
305 2990 350 3045 vel
365 2984 528 3057 Μενδήσιος
543 2989 686 3044 Κυελτννα.
707 2988 854 3056 Gaicfordc'
867 2990 1123 3059 interpunctionem
1142 2992 1191 3060 τῆς
1211 2987 1292 3061 Αίχό-
1370 3042 1373 3046 .

146 3089 217 3125 aron
232 3064 293 3139 άρχ.
309 3070 424 3124 sustulit
436 3069 617 3138 Βενπλιανιίμ,
634 3068 682 3135 qui
697 3071 846 3137 utrumque
857 3068 1055 3124 Manethonem
1071 3087 1104 3124 cx
1119 3088 1174 3125 uno
1189 3072 1294 3126 factum

146 3166 204 3203 esse
230 3147 387 3217 suspicatus
416 3151 471 3216 est,
502 3148 577 3217 qnod
604 3148 776 3217 improbavit
802 3150 975 3217 Gotsctmc'd3
1008 3150 1126 3204 alterum
1156 3169 1294 3205 summum

146 3228 269 3298 Aegypti
290 3229 463 3284 sacerdotem
487 3230 571 3284 fuisse
601 3230 712 3283 constet
739 3223 887 3299 ιῖρχιερεύς
913 3228 976 3283 libr.
1007 3231 1075 3284 Par.
1105 3227 1197 3298 ἱερεύς
1219 3236 1242 3283 V
1265 3231 1294 3285 in

146 3324 233 3378 marg.
252 3310 325 3379 υαλη.

218 3387 285 3442 DIII
309 3388 349 3444 of.
364 3388 466 3445 Miiller
484 3392 502 3443 l.
522 3407 559 3456 c.;
579 3387 699 3458 Syncell.
719 3407 746 3458 p.
762 3394 809 3455 23,
824 3395 854 3458 9,
878 3406 933 3456 quo
952 3389 1014 3443 loco
1039 3390 1135 3442 auctor
1157 3389 1222 3444 libri
1245 3391 1294 3458 τῆς

146 3462 266 3531 roceas
286 3487 315 3524 se
339 3472 437 3526 laudet
454 3469 532 3540 γένει
550 3465 728 3539 Σεβεννύτης
746 3464 882 3538 ὑπάρχων
903 3464 1126 3536 Ἡλιουπολίτης;
1151 3461 1168 3538 ἢ
1190 3475 1292 3525 Διοπο-

146 3549 222 3618 λίτης
240 3567 291 3618 pro
307 3545 363 3604 Ἡλ,
385 3568 452 3606 corr.
473 3551 634 3605 Gntcehrnr'd

216 3626 283 3683 DlV
300 3628 377 3685 Ειιιλ.
397 3650 425 3701 p.
444 3636 497 3684 494
570 3636 601 3682 11
627 3627 659 3683 δέ
684 3646 737 3690 cm,
757 3629 847 3695 Eud,
872 3645 942 3697 qnae
963 3631 1029 3696 post
1047 3625 1180 3699 Κομόδον
1200 3630 1294 3701 pergit

147 3706 254 3778 ἔγραψε
274 3706 395 3772 πολλοὺς
414 3705 588 3778 φιλοσόφους
608 3705 720 3778 λόγους,
740 3700 920 3778 ὧνπρῶτος,
940 3709 981 3770 τίς
1000 3704 1013 3761 ὃ
1034 3704 1105 3772 θεὸς
1123 3706 1195 3764 κατὰ
1214 3707 1293 3764 Πλά-

143 3809 223 3842 τωνα
241 3789 276 3844 de
296 3789 396 3858 quibus
416 3790 449 3844 cf.
470 3790 579 3845 Unters.
598 3807 625 3858 p.
645 3795 692 3856 41,
718 3789 812 3855 Πανὶ),
832 3791 866 3844 de
884 3789 958 3844 Viol.
980 3807 1006 3857 p.
1027 3795 1042 3843 6
1062 3790 1140 3854 Μαξ.
1162 3795 1228 3860 Τνρ.
1248 3787 1292 3844 λό·

142 3889 195 3938 χος
212 3870 277 3940 περὶ
295 3870 346 3925 τοῦ
366 3871 408 3932 τίς
425 3865 439 3921 ὃ
454 3865 525 3932 θεὸς
540 3866 612 3923 κατὰ
628 3866 767 3923 Πλάτωνα
786 3870 815 3922 in
829 3870 958 3939 catalogo
973 3869 1108 3923 librorum
1123 3869 1292 3924 Graecorum

142 3947 311 4018 Veronensi,
331 3967 414 4018 quem
433 3948 556 4018 inspexit
574 3949 760 4017 Studemund,
779 3950 899 4003 inveniri
917 3949 1026 4004 monuit
1046 3950 1146 4015 Pereo,
1166 3949 1199 4002 de
1220 3949 1291 4003 Viol.

137 4044 176 4098 1).
190 4036 230 4084 86.
262 4029 342 4096 Quod
362 4030 527 4099 opusculum
545 4029 669 4098 pluriens
689 4029 794 4082 editum
814 4027 897 4082 hodic
917 4028 1011 4081 extare
1025 4030 1121 4081 notum
1137 4028 1186 4079 est.
1212 4027 1289 4081 Cete-

136 4123 208 4164 rum
225 4113 292 4165 ente
312 4105 359 4163 ἐπὶ
377 4105 510 4179 Κομόδοο
536 4108 671 4163 excidisse
690 4108 786 4178 μέχρις
805 4108 850 4161 vel
869 4108 925 4161 tole
944 4106 1012 4175 quid
1031 4107 1121 4160 visum
1140 4107 1184 4160 est
1200 4105 1288 4160 Bero-

136 4185 250 4261 Ῑιονάηο
270 4187 377 4259 ἔγραψε
398 4188 462 4257 περὶ
480 4190 552 4259 culp.
574 4187 680 4258 ἔγραψε
701 4206 755 4245 om.
775 4192 876 4240 nvn

216 4279 267 4334 DV
286 4278 362 4332 Eud.
382 4277 400 4331 l.
416 4293 449 4346 ο,
468 4295 539 4345 quae
559 4279 595 4332 nd
614 4279 728 4333 verbum
748 4296 810 4332 cum
828 4277 914 4331 Suidn
933 4275 1070 4332 consentit
1157 4280 1190 4328 15
1207 4269 1288 4341 Ἐφέ-

138 4371 206 4420 σιος
222 4377 271 4429 pro
288 4352 457 4426 Ἠπειρώτης
472 4357 604 4426 Socrates,
624 4359 694 4413 Hist.
710 4357 777 4413 eccl.
793 4358 839 4424 ΙΙΙ,
853 4364 876 4427 1,
898 4357 946 4427 qni
962 4355 1062 4411 Iuliani
1080 4356 1290 4426 praeceptorem

135 4446 173 4486 a
188 4435 314 4508 Byzantio
334 4435 482 4506 distinguit
