2910 5056
188 312 253 377 252
663 314 857 370 APPENDIX.

188 473 247 542 τὸν
273 471 491 563 Ἀλέξανδρον
525 474 683 564 δεύτερον
716 482 836 558 κτίζειν
869 477 924 543 καὶ
956 476 1069 564 χάραν
1103 478 1218 564 ἑτέραν
1252 473 1332 565 αύτῆ

188 581 426 668 προσδιδόναι,
456 576 538 651 ἀνθ’
563 573 612 650 ὦν
642 585 677 650 οί
698 589 912 670 Σταγειρίται
942 586 1032 670 μῆνα
1057 582 1333 672 προσηγόρευσαν

185 686 454 775 Ἀριστοτέλειον,
477 690 532 757 καὶ
557 687 676 776 έορτῆν
699 681 783 776 ῆγον
800 687 1039 777 Ἀριστοτέλεια
1063 690 1118 756 καὶ
1137 692 1175 759 έν
1194 695 1333 758 Χαλκίδι

187 793 444 882 τελευτήσαντος
471 799 719 884 μετεπέμψαντο
747 795 785 865 τὸ
810 801 905 885 σῶμα
928 798 983 865 καὶ
1009 804 1127 885 βωμον
1150 799 1333 884 ἐπέστησαν

161 905 232 995 ετῷ
260 902 355 994 τάφῳ
384 901 723 990 καὶ’Ἀριστοτέλειον
750 903 810 972 τὸν
837 903 943 973 τόπον
971 904 1150 991 ἐκάλεσαν,
1183 905 1240 973 καὶ
1271 907 1337 973 ἐκεῖ

197 1007 397 1097 τῆνβουλῆν
418 1008 592 1097 ἤθροιζον,
611 1011 665 1079 καὶ
687 1009 845 1097 Ἐρεσσὸν
866 1013 1056 1100 μέλλουσαν
1075 1009 1140 1080 ὑπὸ
1166 1017 1335 1081 Φιλίππου

187 1119 455 1205 πολιορκηθῆναι
480 1123 609 1186 ἔπεισεν
633 1116 811 1206 ἀφεθῆναι.
856 1116 962 1187 πολλὰ
990 1119 1027 1186 δέ
1053 1120 1109 1186 καὶ
1133 1117 1336 1206 Ἀθηναίους

187 1220 407 1312 εὐηργέτησεν
426 1226 463 1292 έν
482 1238 551 1304 τοῖς
569 1222 653 1311 πρὸς
669 1229 837 1293 Φίλιππον
855 1224 1057 1312 γράμμασιν,
1077 1222 1121 1304 ὡς
1133 1223 1336 1312 Ἀθηναίους

151 1332 227 1404 δέν
259 1335 298 1419 τῆ
332 1329 510 1420 ἀκροπόλει
543 1328 727 1419 ἀνδριάντα
762 1328 850 1423 αύτῷ
884 1328 1073 1400 ἀναθεῖναι.
1119 1335 1176 1400 ίνα
1211 1333 1248 1400 δὲ
1280 1335 1335 1401 καὶ

149 1461 173 1502 10
185 1437 313 1518 πάντας
331 1435 535 1528 ἀνθρώπους
555 1436 765 1527 εύεργετῆση,
784 1438 904 1526 γράφει
922 1442 967 1531 τῷ
980 1437 1184 1530 Ἀλεξάνδρῳ
1200 1445 1334 1527 βιβλίον

186 1546 260 1632 περὶ
295 1550 478 1631 βασιλείας,
512 1544 696 1630 διδάσκων,
730 1545 818 1626 ὅπως
850 1547 1080 1632 βασιλευτέον,
1112 1545 1193 1633 ὅπερ
1229 1545 1334 1628 οὕτως

186 1656 327 1738 ε”δρασεν
351 1655 398 1730 είς
420 1649 482 1739 τῆν
503 1649 722 1738 Ἀλεξάνδρου
741 1651 863 1740 ψυχήν,
888 1651 932 1732 ὡς
956 1655 1077 1740 λέγειν,
1104 1652 1158 1722 ὅτε
1181 1653 1227 1742 μῆ
1248 1653 1333 1741 [ἀφέ-

185 1765 267 1847 λησέ
284 1781 372 1827 τινα·
401 1758 559 1847 ’σήμερον
574 1757 635 1827 ούκ
650 1762 859 1844 ἐβασίλευσα,
880 1758 1003 1827 οὐδένα
1022 1758 1085 1847 γάρ
1106 1752 1145 1827 εὖ
1164 1763 1333 1848 ε’ποίησα’,

186 1865 265 1954 ὅπερ
293 1877 368 1935 ἴσον
397 1869 465 1936 έστδ
493 1871 538 1960 τῷ
571 1870 752 1954 ἐπιχωρίως
779 1870 947 1959 λεγομένῳ
971 1869 1023 1935 ἐπὶ
1047 1873 1113 1936 των
1139 1865 1190 1936 ἐπ’
1219 1866 1335 1955 ὀλίγον

148 2000 172 2042 ιε
187 1972 465 2063 ἀρρωστούντων,
487 1972 577 2043 τοῦτ’
601 1979 691 2041 ἔστιν
714 1972 882 2061 έφῆμερον
906 1972 1012 2042 νόσον
1031 1973 1135 2061 επαρά
1159 1977 1257 2061 μίαν’
1279 1975 1334 2043 διὰ

188 2080 279 2170 [γάρ]
311 2080 348 2149 τὸ
377 2080 421 2168 μῆ
450 2085 586 2167 ποιῆσαι
615 2079 677 2167 τῆν
705 2079 833 2168 ἡμέραν
864 2082 996 2167 ἐκείνην
1023 2080 1080 2159 τάς
1107 2078 1335 2167 ὑγιαινόντων

187 2193 349 2276 ἐργασίας.
381 2186 567 2275 ἀκμάσαντι
588 2188 624 2255 δέ
640 2184 844 2278 Ἀλεξάνδρῳ
864 2188 919 2255 καὶ
939 2186 1234 2276 ἐπιστρατεύσαντι
1253 2187 1335 2256 κατά

187 2299 330 2382 Περσῶν
349 2296 554 2381 συνεξῆλθεν
571 2292 650 2362 οὐδὲ
668 2292 741 2362 τότε
756 2298 860 2381 <τού>
875 2301 1076 2382 φιλοσοφεῖν
1091 2292 1335 2384 ἀποσχόμενος·

187 2400 247 2490 τῆν
271 2399 335 2489 γάρ
359 2406 510 2492 ἱστορίαν
533 2405 600 2469 τῶν
623 2405 796 2470 πολιτειῶν
819 2400 893 2469 τότε
917 2402 1079 2482 συνέλεξε.
1102 2401 1157 2468 καὶ
1179 2403 1335 2488 μέλλοντι

146 2539 172 2579 20
186 2508 392 2598 συμβάλλειν
420 2513 465 2602 τῷ
494 2513 649 2600 Περσικῷ
683 2509 815 2599 πολέμῳ
844 2513 907 2595 ε”φη
936 2504 1073 2575 ἀπαίσια
1099 2510 1271 2594 γενέσθαι.
1317 2507 1335 2578 ὁ

186 2616 223 2685 δὲ
247 2615 291 2704 μῆ
315 2617 465 2696 πεισθεὶς
489 2617 652 2701 συνέβαλε
675 2617 730 2683 καὶ
754 2614 973 2701 ἐτελεύτησεν.
1010 2615 1064 2682 καὶ
1086 2611 1148 2701 ούχ
1172 2606 1274 2701 ῆττον
1300 2617 1336 2684 δὲ

184 2729 252 2792 τῶν
277 2722 486 2811 φθασάντων
506 2724 682 2810 βασιλέων,
702 2721 879 2810 Ἀμύντου,
906 2727 1084 2806 Φιλίππου,
1105 2719 1337 2810 Ὀλυμπιάδος,

182 2828 406 2920 Ἀλεξάνδρου
442 2833 653 2917 Ἀντίπατρος
690 2827 708 2898 ὁ
748 2828 983 2916 διαλεξάμενος
1017 2827 1079 2915 τῆν
1113 2826 1336 2917 Ἀλεξάνδρου

185 2945 359 3026 βασιλειάν
384 2936 440 3005 διά
466 2942 563 3024 τιμῆς
585 2936 651 3025 εἶχε
670 2935 730 3006 τὸν
751 2936 989 3026 Ἀριστοτέλην.
1025 2939 1086 3003 τού
1105 2935 1143 3004 δὲ
1167 2943 1336 3005 Σπευσίπ-

145 3071 171 3111 ιε
184 3071 250 3114 που
279 3043 553 3136 τελευτήσαντος,
588 3047 622 3110 οί
651 3041 716 3111 ἀπὸ
745 3047 803 3130 τῆς
831 3047 953 3131 σχολῆς
980 3044 1248 3129 μεταπέμπονται
1277 3044 1336 3112 τὸν

182 3150 411 3238 Ἀριστοτέλην
435 3152 490 3218 καὶ
514 3152 726 3237 διαδέχονται
750 3147 855 3238 αύτῆν
880 3148 981 3229 αὐτός
998 3176 1033 3217 τε
1052 3150 1107 3216 καὶ
1126 3150 1337 3238 Ξενοκράτης

186 3260 459 3346 σωφρονέστατα,
483 3259 538 3325 καὶ
558 3257 785 3346 Ἀριστοτέλης
807 3257 868 3344 μέν
892 3259 928 3327 έν
950 3262 1096 3347 Λυκείῳ,
1125 3257 1338 3346 Ξενοκράτης

186 3365 223 3434 δὲ
247 3367 282 3433 έν
304 3364 513 3456 Ἀκαδημείᾳ,
533 3357 619 3433 ἔνθα
641 3366 696 3432 καί
720 3364 865 3432 Πλάτων
889 3366 1093 3433 ἐπαίδευσεν.
1139 3362 1181 3432 οὐ
1205 3363 1269 3453 γάρ
1293 3363 1337 3445 ὡς

184 3470 408 3558 Ἀριστόξενος
440 3475 580 3558 ίστορεϊ,
614 3472 797 3550 Πλάτωνος
830 3474 951 3552 ζῶντος
981 3471 1036 3537 καὶ
1071 3471 1107 3537 έν
1134 3467 1335 3562 Ἀκαδημείᾳ

145 3568 171 3682 3,
184 3577 414 3664 παιδεύοντος,
433 3575 714 3668 ἀντωκοδόμησεν
736 3575 754 3646 ὁ
767 3575 993 3665 Ἀριστοτέλης
1006 3576 1044 3645 τὸ·
1059 3576 1217 3648 Λύκειον.
1244 3589 1335 3667 εἴπερ

185 3683 249 3771 γάρ
289 3709 337 3763 τις
373 3683 487 3770 ἀλλος,
524 3690 678 3773 φαίνεται
718 3682 736 3752 ὁ
767 3681 991 3770 Ἀριστοτέλης
1022 3688 1335 3774 καταπεπληγμένος

188 3790 371 3877 Πλάτωνα,
396 3784 571 3880 ἐπιγράφει
590 3791 655 3879 γάρ
679 3797 725 3871 είς
748 3790 865 3860 αὐτόν·

258 3995 273 4042 2
294 3984 481 4043 καταδιδόναι
501 3989 530 4043 et
548 3985 759 4057 κατηγόρευσαν
779 3989 839 4043 cod.
858 3989 919 4058 (sed
937 3989 966 4042 in
985 4006 1074 4059 marg.
1090 3989 1332 4061 προσηγόρευσαν)

186 4086 254 4124 corr.
274 4068 368 4124 Robbe
428 4074 460 4122 16
479 4067 508 4121 in
527 4084 615 4139 marg.
634 4069 738 4138 legissur
756 4072 907 4140 παροιμίας
926 4065 981 4139 γάρ
1000 4071 1101 4124 seclusi
1121 4075 1221 4142 utpote
1241 4073 1334 4127 absur-

187 4148 254 4203 dum
327 4154 359 4202 17
384 4142 545 4217 εύεργεσίας
564 4147 624 4203 cod.
644 4148 749 4215 Ιίοδδτς
770 4146 901 4218 ἐργασίας
919 4150 1014 4206 Βοίιάο
1078 4158 1111 4205 18
1131 4152 1182 4206 τοῦ
1202 4169 1256 4206 om.
1276 4151 1333 4206 οοδ.

186 4230 249 4284 add.
269 4229 362 4284 Robbe
433 4233 468 4282 20
488 4225 543 4296 ἔφη
563 4221 682 4281 ἀπαίσια
701 4246 769 4283 corr.
784 4230 892 4298 Rohde,
912 4228 967 4300 ἔφη
987 4227 1021 4283 τά
1042 4233 1121 4285 αίσια
1141 4232 1202 4286 cod.
1221 4232 1312 4286 Βούλει

187 4315 222 4365 28
241 4304 275 4364 ού
294 4306 349 4378 γὰρ
368 4302 405 4370 ὡς
421 4301 469 4377 Ἀρ.
489 4302 607 4376 ύοιερον
631 4308 690 4362 οοδ.
715 4306 749 4363 ού
772 4308 825 4379 γὰρ
845 4304 884 4372 άς
904 4306 952 4377 Ἀρ.
972 4308 1081 4379 ίοτορεῖ
1099 4311 1149 4365 καλ
1166 4307 1332 4383 Ἀριστοκλῆς

187 4382 305 4458 ὕστερον
325 4389 395 4444 coni.
411 4388 502 4444 Robbe
517 4388 579 4444 coll.
594 4407 621 4459 p.
637 4395 698 4457 250,
712 4397 755 4458 27,
775 4386 809 4445 ού
827 4386 880 4460 γάρ
900 4385 938 4453 ὡς
953 4385 1138 4458 Ἀριστόξενος
1152 4389 1261 4462 ἱστορεῖ
1271 4390 1330 4445 sim·

189 4466 291 4538 plinius
310 4469 405 4525 Βαλίε
