2910 5056
173 278 265 335 XVIII
592 277 876 336 PROLEGOMENA.

263 443 387 510 Eodem
422 467 460 510 ex
489 445 728 532 Onomatologo
766 445 859 510 fluxit
895 445 994 509 etiam
1029 444 1139 530 glossa
1172 442 1324 510 Μελέα-

173 546 299 635 γροςῙ)
319 547 454 636 (Jacobs
465 551 512 617 VI
526 576 556 636 p.
570 551 683 636 LXV),
703 553 816 636 quain
836 553 903 617 vita
924 574 1006 636 eum,
1025 552 1080 636 qui
1098 550 1325 637 Anthologiae

175 657 317 722 codicem
337 658 480 741 scripsit,
501 658 710 744 adscripsisse
730 651 873 743 glossam
888 659 1109 724 doctissimam
1124 661 1156 722 et
1180 658 1325 723 clarissi-

173 785 260 827 mam
294 764 331 827 de
363 763 570 830 Constantini
599 762 760 848 Cephalae
790 766 1063 851 epigrammatum
1092 763 1325 829 distributione

173 870 254 934 vidit
283 870 422 935 Finsler:
458 867 540 937 ἀλλὰ
565 875 823 948 Κωνσταντῐνος
852 867 869 937 ὁ
899 867 1184 956 ἐπονομαζόμενος
1209 875 1325 955 Κεφα-

173 977 233 1052 λᾶς
263 977 419 1062 συνέχεεν
450 975 550 1055 αὐτος
577 972 744 1063 ἀφορίσας
771 981 818 1056 εἰς
842 974 1006 1063 κεφάλαια
1035 974 1183 1061 διάφορα
1215 973 1326 1061 ήγουν

174 1079 314 1165 ἐρωτικά
345 1085 439 1162 ἰδίως
461 1084 516 1150 καὶ
540 1080 695 1168 ἀνάθεμα
724 1081 759 1170 (l.
783 1078 1032 1169 άναθηματικά)
1061 1081 1116 1148 καὶ
1145 1081 1325 1169 ἐπιτύμβια

173 1187 227 1252 καλ
251 1188 467 1272 ἐπιδεικτικά,
492 1185 536 1267 ὡς
555 1191 619 1255 νύν
638 1185 855 1256 ὑποτέτακται
876 1190 912 1256 ἐν
935 1190 979 1279 τῷ
1003 1185 1145 1273 παρόντι
1167 1194 1325 1279 πτυκτίφ.

262 1297 372 1363 Tertio
397 1301 506 1363 autem
531 1297 602 1363 looo
625 1297 780 1381 Hesychii
804 1298 983 1362 doctrinam
1003 1297 1218 1382 investigasse
1242 1299 1325 1362 mihi

173 1403 261 1467 visus
291 1426 375 1488 sum,
403 1427 476 1469 cum
505 1404 682 1470 scholiasta
709 1405 818 1488 de3
849 1404 888 1470 ad
916 1405 1036 1469 lemma
1063 1405 1110 1480 εἰς
1133 1402 1325 1488 Πολέμωνα

172 1506 228 1572 καλ
252 1507 436 1593 Κράτητα
460 1511 558 1576 addat
580 1506 658 1588 τούς
681 1508 898 1595 φιλοσόφους.
935 1505 1024 1576 ότιό
1047 1505 1180 1592 Κράτης
1199 1512 1324 1594 ἔγημεν

168 1609 364 1701 Ἱππαρχίαν
387 1614 449 1700 τήν
468 1614 668 1702 φιλόσοφον.
699 1618 750 1682 Ad
770 1640 850 1702 quae
870 1618 998 1683 monuit
1015 1615 1198 1682 Iacobsius:
1225 1615 1324 1701 ‘quae

172 1724 306 1807 nuptiae
329 1725 411 1789 nibil
434 1725 559 1789 faciunt
582 1724 623 1788 ad
645 1724 707 1790 hoc
726 1747 864 1809 carmen,
888 1725 1045 1809 scriptum
1063 1724 1096 1787 in
1116 1723 1196 1788 duos
1214 1723 1323 1807 philo·

83 1818 86 1823 ’
174 1830 306 1916 sophos,
339 1833 408 1916 qui,
441 1855 512 1896 cum
541 1832 575 1895 in
602 1852 722 1916 magna
749 1831 975 1896 familiaritate
1004 1830 1175 1914 vixissent,
1208 1830 1324 1909 eodem

174 1937 294 2002 conditi
324 1943 401 2003 sunt
424 1938 580 2024 tumulo'3
604 1937 733 2002 Finslor
756 1961 786 2022 p.
806 1938 880 2004 155:
908 1936 976 2002 Das
1001 1937 1140 2003 Gedicht
1163 1937 1228 2022 gab
1254 1938 1324 2002 also

173 2044 289 2108 keinen
319 2047 436 2110 Anlass
469 2069 507 2109 zu
541 2045 661 2109 diesem
690 2042 856 2128 Scholion,
889 2046 935 2110 let
921 2049 1038 2110 tzteres
1070 2046 1115 2116 ist
1147 2044 1217 2108 also
1248 2068 1323 2110 vom

172 2149 368 2216 Lemmatt
308 2156 368 2216 ttrs
370 2175 409 2216 en
434 2176 491 2218 aus
515 2154 588 2216 dem
607 2151 751 2217 Vorrath
776 2153 892 2237 aignen
912 2153 1060 2217 Wissens
1081 2150 1111 2239 (ἶ)
1114 2151 1128 2238 )
1147 2152 1225 2216 oder
1245 2153 1323 2218 viel-

173 2259 274 2343 mehr,
299 2259 371 2322 weil
396 2260 453 2323 das
478 2260 664 2344 angesichts
688 2259 822 2323 dart
763 2263 822 2323 unt
824 2281 857 2323 er
880 2258 1091 2344 langefiihrt
1092 2281 1132 2323 en
1077 2258 1325 2324 tLemmata

173 2365 333 2430 durchaus
353 2364 668 2430 unwahrscheinlich
689 2365 741 2446 ist,
765 2365 822 2429 auf
839 2364 953 2430 Graeci
970 2366 1053 2428 einer
1077 2364 1325 2448 Ueberlieserunp

172 2472 407 2559 hinzugefugt'.
445 2474 490 2537 At
512 2476 632 2536 temere
657 2471 868 2536 scholiastam
892 2471 953 2536 hoc
973 2493 1011 2535 ex
1031 2469 1171 2536 Cratetis
1193 2470 1263 2535 vita
1283 2472 1324 2536 ab

173 2578 339 2664 Hesychio
370 2581 534 2664 descripta
563 2578 739 2662 sumpsisse
770 2577 915 2661 suspicor
939 2575 991 2662 (cf.
1013 2599 1042 2642 v,
1062 2572 1224 2662 Κράτης),
1257 2578 1324 2641 nisi

173 2686 257 2752 forte
280 2688 374 2753 illum
398 2711 417 2752 a
442 2688 572 2753 Laertio
591 2687 737 2771 Diogene
760 2686 794 2751 id
818 2689 1001 2751 mutuatum
1026 2707 1096 2750 esse
1120 2687 1283 2749 autumas.

261 2794 386 2860 Dubito
414 2796 552 2879 denique
581 2794 697 2858 addere
721 2793 821 2858 verba
849 2794 888 2857 de
915 2791 1207 2876 Euphorione
1237 2790 1326 2856 dicta

94 2932 97 2936 ·
173 2923 203 2984 p.
222 2901 287 2964 406
316 2903 363 2978 εἰς
386 2897 446 2966 τὸν
469 2896 692 2984 Εὐφορίωνος
718 2895 846 2983 τάφον,
873 2899 934 2964 τού
962 2894 1090 2982 μύστου
1116 2899 1186 2964 τῶν
1209 2892 1325 2982 Ἕλλη·

173 3007 276 3071 νικῶν
304 3002 488 3093 (Ἑλλήνων
520 3007 620 3091 λερῶν
654 3007 736 3071 coni.
769 3005 940 3092 Paulssen)
975 3001 1267 3090 μυθολογημάτων
1301 2999 1324 3089 ή

171 3110 516 3198 τελεσιουργημάτων,
554 3114 592 3177 de
630 3114 747 3198 quibus
784 3112 822 3177 cf.
852 3112 1013 3196 Meineke,
1050 3113 1143 3177 Anal.
1172 3112 1216 3176 32
1245 3134 1323 3196 seq,

174 3219 301 3285 Finsler
319 3221 380 3286 1.ο.

88 3324 108 3402 ἓ
127 3322 147 3386 3
263 3327 396 3394 Saeculo
421 3328 545 3393 decimo
569 3332 703 3393 exeunte
726 3326 903 3411 Epitomen
926 3327 1117 3446 compilavit
1140 3321 1320 3406 Suidas.²)

175 3565 177 3568 ⁴
246 3550 271 3617 1)
246 3546 346 3601 roui
369 3547 482 3639 appicta
505 3547 594 3602 estin
613 3510 708 3601 codice
731 3545 802 3599 haec
822 3544 985 3601 correctoris
1003 3547 1083 3600 nota.
1110 3539 1153 3599 ότι
1172 3540 1187 3598 ὁ
1207 3541 1318 3598 Μελέα-

172 3645 238 3695 γρος
258 3617 465 3693 Γαδαρηνός
447 3645 494 3695 ην,
518 3622 550 3679 τό
569 3625 651 3694 γένος
669 3620 769 3694 Σύρος.
804 3621 983 3695 ἐτελεύτησεν
1008 3621 1039 3679 ἐν
1062 3625 1110 3694 Κῷ
1134 3625 1167 3694 τῇ
1191 3621 1267 3717 νήσῳ
1290 3625 1320 3678 et

172 3725 199 3776 p.
215 3712 248 3760 81
268 3706 404 3760 eiusdem:
426 3696 624 3775 Γαδαρηνὸς
606 3725 642 3774 ην
662 3701 699 3767 ὡς
715 3700 746 3759 ἐν
761 3712 822 3767 ταῖς
837 3701 1051 3776 ἔμπροσθεν’
1014 3700 1101 3766 αυτὸς
1116 3724 1220 3759 εαυτον
1208 3703 1317 3776 ’ἐμνη-

172 3782 319 3884 μόνεφσεν.
355 3780 483 3854 ἤκμασεν
503 3782 549 3838 επλ
567 3780 711 3839 Σελεύκου
730 3805 780 3839 τον
801 3780 934 3855 ἐσχάτου,
958 3786 986 3840 et
1005 3786 1040 3840 ad
1059 3784 1119 3854 Vll,
1138 3789 1191 3838 418
1211 3781 1295 3847 εἰς
1268 3803 1317 3838 τον

172 3863 338 3961 Μελέαγρρν
356 3860 407 3918 τὸν
427 3860 721 3936 επιγραμματοφόρον,
750 3885 833 3928 ουτος
852 3861 867 3919 ὁ
887 3860 1085 3935 Μελέαγρος’
1072 3885 1103 3918 εν
1122 3866 1170 3937 Κῷ
1190 3864 1223 3936 τῇ
1242 3860 1316 3933 νήσῳ

173 3942 370 4016 καταγηράσας
389 3939 577 4015 ἐτελεύτησεν

244 4031 270 4096 1)
244 4025 397 4081 2Suidae
421 4025 515 4093 aliquo
538 4027 611 4080 libro
633 4023 886 4096 praestantissimo,
911 4025 1029 4079 fortasse
1054 4040 1086 4078 eo
1110 4023 1276 4092 exemplari,
1301 4038 1318 4075 a

174 4126 228 4178 quo
247 4110 309 4163 Par.
328 4112 351 4159 A
370 4106 526 4175 descendit,
546 4124 612 4160 usus
632 4110 674 4161 est
687 4105 979 4174 Pseudo-Hesychius,
998 4120 1081 4173 quem
1099 4121 1180 4157 suum
1198 4103 1233 4158 de
1252 4102 1317 4158 viris

172 4188 328 4243 illustribus
351 4189 502 4241 tractatum
526 4204 597 4242 saec.
617 4187 669 4240 XII
688 4187 877 4257 composuisse
896 4185 980 4240 docui
994 4183 1080 4255 praef.
1095 4184 1160 4240 Hes.
1180 4202 1206 4253 p.
1222 4184 1247 4236 X
1262 4200 1316 4250 seq.

173 4269 321 4338 Conspirat
339 4267 414 4323 enim
432 4268 526 4322 textus
549 4265 624 4321 illius
644 4268 807 4337 plerumque
832 4284 895 4321 cum
913 4271 936 4318 A
955 4264 1000 4320 vel
1014 4270 1046 4330 V,
1065 4263 1141 4332 quod
1162 4262 1318 4317 luculenter

173 4351 344 4419 patefactum
368 4352 411 4404 est
433 4365 466 4403 ex
490 4347 590 4416 glossis
610 4343 755 4416 Διαγόρας
779 4342 935 4417 (ἐπεκλήθη
955 4377 988 4385 -
1012 4343 1077 4399 exit.
1097 4348 1148 4395 AV
1171 4359 1225 4397 om.
1249 4341 1318 4407 rel),

173 4423 294 4498 Δράκων
317 4424 384 4495 (tut
404 4420 460 4482 τῶν
479 4425 537 4496 Ab.
556 4426 631 4483 solus
650 4431 684 4497 Δ)
705 4422 823 4481 Πλάτων
848 4423 960 4495 (ἔγκυος
984 4425 1058 4479 solus
1078 4428 1101 4475 Δ
1126 4419 1225 4491 ἔγγυος
1243 4422 1317 4489 rel.);
