2880 5054
532 319 745 373 HESYCHIUS.
1146 319 1208 380 123

152 480 363 548 COOOLVH.
407 479 589 567 Κόριννα
619 478 876 567 Ἀχελωοδάρου
903 480 958 546 καὶ
987 484 1209 566 Προκρατίας,

60 593 190 672 Θηβαία
218 582 239 674 ἢ
272 593 478 673 Ταναγραία,
507 586 677 674 μαθήτρια
703 586 890 674 Μόρτιδος,
923 585 1057 672 λυρική,
1087 586 1208 654 ἐπωνό-

59 712 166 780 μαστο
197 693 234 761 δὲ
257 701 362 762 Μυῖα.
410 696 540 781 ἐνίκησε
565 693 602 762 δὲ
625 695 793 778 πεντάκις,
818 691 862 773 ὡς
885 693 999 779 λόγος,
1023 697 1208 782 Πίνδαρον.
1233 698 1242 711 ’

60 805 185 888 ἔγραψε
209 807 322 887 βιβλία
346 803 375 868 ε’
398 802 453 868 καὶ
477 803 705 888 ἐπιγράμματα
729 802 784 868 καὶ
807 800 934 887 νόμους
957 801 1122 887 λυρικοός.

54 947 57 953 .
153 908 379 976 CCOOLVHI.
408 907 590 995 Κόριννα
609 915 734 976 Θεσαία
757 906 887 997 λυρική,
912 911 946 975 οἱ
965 907 1001 975 δὲ
1018 913 1237 995 Κορινθίανῡ

62 1014 225 1102 εἰρήκασι
269 1016 395 1101 νόμους
418 1016 584 1103 λυρικοάς.

151 1123 341 1190 OOOOLIX.
380 1121 574 1212 [Κόριννα
602 1125 761 1209 νεωτέρα,
784 1129 930 1209 Θηβαία,
954 1120 1130 1209 λυρική,“
1113 1150 1134 1210 η
1155 1123 1210 1189 καὶ

62 1237 159 1296 Μυῖα
184 1236 368 1315 κληθεῖσα]

152 1336 326 1403 COCOLX.
364 1335 564 1423 Κόριννος
589 1335 719 1422 Ἰλιεύς,
748 1336 904 1417 ἐπὀτιοιὸς
932 1324 999 1404 τῶν
1029 1335 1093 1424 πρὸ
1117 1333 1210 1424 Ὁμή-

62 1470 141 1529 ρου,
166 1440 211 1522 ὥς
228 1461 317 1510 τισιν
337 1443 444 1528 ἔδοξε,
466 1443 522 1510 καὶ
541 1447 669 1528 πρῶτος
683 1443 814 1532 γράψας
832 1443 892 1531 τὴν
914 1441 1053 1530 Ἰλιάδα,
1076 1449 1123 1511 ἔτι
1142 1447 1209 1511 τῶν
1226 1465 1251 1506 ιο

65 1553 226 1639 Τρωικῶν
255 1551 517 1637 συνισταμένων.
570 1542 619 1637 ἦν
648 1550 685 1618 δὲ
713 1549 941 1638 Παλαμήδους
969 1551 1122 1638 μαθητής
1155 1550 1210 1617 καὶ

62 1664 186 1746 ἔγραψε
209 1670 279 1736 τοῖς
300 1654 365 1725 ὑπὸ
386 1657 615 1744 Παλαμήδους
634 1655 802 1746 εὑρεθεῖσι
822 1665 991 1745 Δωρικοῖς
1009 1656 1210 1747 γράμμασιν.

63 1771 186 1853 ἔγραψε
211 1764 248 1832 δὲ
271 1764 327 1831 καὶ
349 1761 410 1832 τὸν
430 1763 616 1849 Δαρδάνου
635 1762 717 1852 πρὸς
736 1763 965 1850 Παφλαγόνας
983 1766 1142 1851 πόλεμον,
1166 1761 1211 1843 ὡς

62 1876 96 1940 ἐκ
120 1871 245 1939 τούτου
263 1877 380 1957 λαβεῖν
401 1872 458 1938 καὶ
481 1875 539 1958 τής
556 1871 720 1958 ποιήσεως
738 1875 850 1938 πᾶσαν
869 1868 1037 1939 ὑπόθεσιν
1052 1869 1211 1959 Ὅμήρον,

62 1981 116 2047 καὶ
140 1978 274 2060 ἐντάξαι
297 1992 367 2058 τοῖς
390 1975 495 2074 αὑτοῦ
519 1983 669 2064 βιβλίοις.
1223 1999 1249 2039 15

152 2087 342 2166 GOOQLXI.
371 2065 483 2169 [οὗτος
507 2082 539 2168 ὁ]
564 2089 795 2172 Κορνοῦτος
819 2092 981 2172 Λεπτίτης
1009 2085 1145 2174 (Λέκτις
1173 2085 1210 2153 δε

62 2193 157 2273 πόλις
185 2193 341 2280 Λιβύης),
370 2190 573 2278 φιλόσοφος,
601 2191 748 2276 γεγονὼς
771 2194 807 2259 ἐν
831 2189 939 2280 Ράμη
963 2193 1015 2259 ε’τιὶ
1039 2195 1210 2281 Νέρωνος,

62 2303 116 2370 καὶ
141 2300 224 2389 πρὸς
243 2298 347 2368 αὐτοῦ
366 2297 559 2382 άναιρεθεὶς
578 2295 643 2365 σὺν
661 2302 706 2390 τῷ
726 2305 929 2389 Μουσωνίῳ.
963 2305 1085 2385 ἔγραψε
1103 2298 1209 2367 πολλὰ

64 2406 235 2496 φιλόσοφά
258 2433 292 2475 τε
316 2406 322 2497 Ι
346 2405 401 2473 καὶ
425 2403 591 2494 ῥητορικά.
612 2404 618 2495 Ι

152 2515 360 2582 OOOOLXII.
389 2511 545 2601 Κράτης
564 2509 744 2598 Ἀθηναῖος
761 2513 915 2599 κωμικός,
936 2505 978 2581 οὗ
1001 2505 1044 2600 ἦν
1064 2510 1210 2600 ἀδελφὸς
1224 2535 1250 2572 20

61 2619 248 2705 Ἐπίλυκος,
271 2618 409 2707 ποιητὴς
427 2622 525 2687 ἐτῶν.
556 2617 708 2705 δράματα
727 2618 764 2686 δὲ
784 2616 888 2687 αὐτοῦ
913 2625 997 2688 εἰσιν
1018 2620 1074 2700 ἕξ·
1099 2626 1209 2687 Γείτο-

64 2735 277 2744 .-.-----.--

134 2782 299 2839 OOOGLVH
318 2782 392 2836 Eud.
407 2799 435 2850 p.
446 2786 507 2847 443,
526 2795 597 2847 quae
612 2777 713 2848 incipit
727 2784 793 2847 Κορ.
811 2782 880 2850 Θηβ.
896 2775 913 2849 ἢ
931 2785 1010 2850 Tou,
1029 2783 1099 2849 μαθ.
1110 2785 1210 2849 Meron,

62 2860 140 2934 Ἀχελ.
160 2863 210 2918 καὶ
229 2867 333 2932 Προκρ.
390 2854 621 2931 ῙἈρχελοδιόρου
640 2864 699 2915 sn.
715 2860 790 2914 Εκά.
808 2855 1014 2931 Ἀχελωοδάρου
1034 2866 1085 2913 AV
1139 2861 1210 2915 2de

64 2945 185 3015 Myrtide
204 2962 231 2998 v.
249 2944 354 3013 Βικγλι,
373 2944 451 2997 Poet.
470 2942 534 3010 Lyr.
554 2960 580 3010 p.
599 2944 679 3006 12053
697 2936 796 3009 λυρική
815 2943 880 3010 post
899 2945 980 2995 Μυῖα
999 2942 1104 2996 hubent
1122 2941 1188 2996 libri

136 3023 316 3079 ecccnvnl
334 3024 410 3078 Εκολ.
425 3023 443 3076 l.
459 3039 482 3075 ο.
508 3022 608 3075 Totum
623 3020 713 3075 vitani
731 3037 784 3076 om.
799 3026 829 3077 V.
859 3022 898 3076 of.
913 3023 1052 3088 Welelrer‚
1069 3021 1112 3077 Kl.
1133 3021 1209 3077 Sehr.

66 3107 88 3160 ll
102 3126 129 3177 p.
147 3110 198 3158 153
272 3108 288 3156 5
309 3099 366 3156 ἔστι
385 3100 433 3155 καὶ
454 3095 536 3168 ἕτὲρα
555 3101 584 3154 et
601 3100 674 3153 infra
693 3098 799 3170 ἔγραψε
819 3101 868 3155 καὶ
887 3098 958 3171 αὐτή
979 3103 1055 3158 Eue.

135 3190 289 3248 coccini
313 3190 437 3243 Tertiam
461 3206 515 3243 om.
534 3189 609 3244 Εκά.
648 3191 749 3244 Totum
772 3192 896 3260 glossam
920 3208 954 3245 ex
976 3193 1068 3261 priore
1092 3191 1210 3246 articulo

66 3279 168 3342 ortum,
186 3272 261 3326 unde
275 3269 437 3340 migraverit
452 3269 537 3324 etium
551 3269 580 3322 in
595 3271 633 3338 gl.
648 3273 729 3324 Μυῖα
744 3272 801 3325 dixi
816 3272 924 3328 Unters.
940 3291 966 3341 p.
978 3278 1021 3338 47,
1035 3272 1105 3326 Mus.
1120 3272 1208 3325 Rhen.

64 3357 81 3411 l.
101 3372 125 3409 ο.
163 3352 204 3409 cf.
225 3349 312 3407 etium
331 3349 425 3419 Deub,
445 3350 479 3404 de
499 3349 574 3403 Suid.
594 3369 621 3420 p.
641 3357 692 3404 472
767 3349 927 3420 ῖνεωτέρα
945 3352 1142 3421 interpolatori
1161 3351 1211 3403 dat

71 3435 192 3489 Πυλάων

135 3509 275 3569 decenn
293 3510 369 3565 Eud.
389 3529 416 3580 p.
435 3515 496 3564 444.
530 3509 570 3566 df.
591 3510 807 3566 scholNieand.
823 3512 904 3565 Ther.
922 3514 1007 3581 15(p.
1024 3515 1050 3579 3)
1122 3518 1154 3566 10
1175 3507 1211 3574 ὥς

64 3613 135 3649 τισιν
153 3589 235 3656 ἔδοξε
251 3606 305 3646 om.
320 3594 342 3640 V
359 3585 414 3658 τήν
429 3607 482 3644 om.
493 3589 567 3645 Eue.
625 3589 708 3644 ἔτι-
720 3583 755 3659 ήν
768 3589 800 3646 δὲ
816 3598 902 3646 om.V
958 3599 990 3647 13
1006 3584 1088 3655 οὗτος
1103 3590 1209 3661 ἔγραψε

66 3673 114 3728 καὶ
128 3668 179 3727 τὸν
190 3663 344 3739 Δαρδάνου
355 3665 425 3738 πρὸς
435 3665 630 3737 Παφλαγόνας
643 3668 777 3740 πόλεμον·
793 3670 822 3737 ἐξ
834 3666 868 3726 οδ
880 3671 961 3745 ἔλαβε
972 3669 1022 3736 τὰς
1032 3668 1069 3735 ὡς
1079 3691 1136 3741 seq.
1146 3675 1211 3742 post

65 3749 276 3820 συνισταμένων
294 3749 452 3818 transponit
471 3750 631 3804 Gutsehms'd
649 3746 782 3820 ἀφορμάς
793 3746 914 3821 Ὅμηρος
932 3753 981 3820 τής
999 3749 1175 3821 ποιήσεωςῖ

135 3829 288 3886 OCCCLXI
306 3830 382 3884 Εκιῖ.
402 3848 429 3898 p.
448 3834 510 3884 448.
601 3836 634 3884 16
655 3821 735 3892 οὗτος
755 3826 769 3883 ὁ
790 3830 852 3884 odd.
872 3830 989 3900 Suidos,
1013 3848 1076 3885 oum
1099 3833 1210 3886 rhetore

64 3912 138 3968 Livii
156 3909 271 3980 aequali
290 3926 353 3964 eum
373 3908 544 3964 confundens
565 3926 618 3963 om.
638 3910 713 3964 Eud.
786 3913 889 3973 Λεκτίς
907 3914 978 3981 ναῖς.

65 4000 97 4047 17
117 3989 274 4062 φιλόσοφος
287 3991 342 4044 huo
355 3989 516 4058 transposui
531 4006 564 4043 ex
579 4006 655 4044 more
669 3991 858 4059 Hesychisno‚
879 4009 961 4060 quem
977 3993 1107 4046 observat
1125 3991 1210 4045 etiam

64 4072 207 4136 Eudocia3
232 4071 297 4138 post
317 4070 455 4136 Λεκτίτης
478 4069 583 4138 legitur
605 4071 634 4124 in
656 4069 759 4124 Suidoe
783 4070 861 4125 codd.
896 4069 936 4124 cf.
957 4090 981 4125 v.
1001 4072 1110 4137 Κρίτων
1130 4073 1209 4137 Πιερ.

64 4153 99 4206 al.
156 4156 190 4204 17
210 4145 257 4205 ἐπὶ
276 4150 326 4205 τοῦ
346 4148 481 4218 Νέρωνος
499 4150 575 4205 Eue.
639 4155 671 4204 18
690 4148 760 4217 πρὸς
778 4144 867 4204 αότοῦ
887 4155 937 4202 AV
955 4146 1009 4220 πρὸ
1029 4146 1118 4204 αὐτοῦ
1136 4152 1208 4222 vulp.

64 4232 139 4286 Eud.
216 4235 249 4285 19
268 4249 297 4285 τε
318 4246 371 4285 om.
386 4230 462 4285 Eue.
517 4226 575 4300 ῥητ.
595 4228 700 4284 rhetori
719 4229 784 4284 dedi

136 4309 304 4366 eccenxss
326 4309 400 4365 nou
420 4329 446 4379 p.
462 4315 523 4364 445.
557 4308 597 4364 Cf.
617 4309 745 4363 Meineks
765 4310 777 4362 Ι
796 4329 822 4381 p.
843 4317 876 4366 58
887 4329 943 4380 seq.
1024 4316 1056 4363 21
1081 4310 1110 4363 in
1134 4311 1209 4379 vulg.

64 4388 90 4458 ζ’
111 4391 213 4447 vitium
231 4389 315 4456 latet,
339 4405 401 4443 eum
421 4388 553 4459 deinceps
577 4406 624 4444 sex
642 4390 803 4446 comoediae
821 4392 982 4458 laudentur,
1005 4407 1090 4457 quere
1108 4408 1210 4445 nomen

64 4468 229 4529 comoedias
253 4464 365 4541 Τόλμαις
388 4469 521 4526 excidisse
547 4469 619 4528 coni.
644 4469 845 4542 anpermuoo.
869 4471 904 4527 ad
928 4470 1034 4527 Pollue.
1052 4471 1104 4541 IX,
1125 4477 1158 4528 53
1180 4467 1210 4543 ⁶5
