2910 5056
184 309 228 373 44
646 310 860 366 HESYCHIUS.

184 475 297 555 βιβλία
324 471 370 556 β’,
399 474 513 540 ε’θνῶν
541 470 729 560 κατάλογον
752 473 806 540 καὶ
829 470 975 557 πόλεων,
1002 472 1083 559 περὶ·
1101 475 1255 557 ποιητῶν
1278 473 1334 540 καλ

185 584 365 664 σοφιστῶν,
389 582 443 647 καὶ
467 578 550 648 άλλα
574 581 690 668 συχνά.
1100 655 1105 663 ,

273 686 430 755 CLXXII.
468 688 721 777 Δαμόκριτος
736 688 910 774 ἱστορικός.
926 685 1060 756 τακτικὰ
1075 687 1112 754 ἐν
1125 692 1276 774 βιβλίοις
1289 687 1334 775 β’,

184 791 259 877 περὶ
276 789 451 861 Ἰουδαίων
477 797 527 879 [ἐν
550 787 577 886 ᾦ
601 815 717 882 φησιν,
741 793 792 865 ὅτι
811 781 940 884 χρυσῆν
960 792 1044 863 όνου
1061 793 1212 882 κεφαλὴν
1230 815 1333 883 προσ-

157 903 343 986 σεκόνονν,
375 902 430 969 καὶ
457 905 539 971 κατὰ
568 904 739 971 ἑπταετίαν
768 905 865 985 ξένον
892 899 1092 990 ἀγρεύοντες
1118 904 1335 992 προσέφερον

184 1007 343 1077 καὶκατὰ
367 1008 467 1078 λεπτὰ
491 1009 549 1091 τάς
571 1010 696 1099 σάρκας
720 1013 888 1093 διίξαινον
909 1013 965 1080 καὶ
989 1010 1096 1092 οὕτως
1118 1009 1301 1101 άνῄρουν].

273 1118 448 1186 CLXXIII.
485 1119 714 1205 Δαμόξενος
733 1118 913 1217 Ἀθηναῖος
930 1119 1082 1208 κωμικός.
1114 1121 1183 1188 τῶν
1205 1119 1335 1208 δραμά-

184 1251 252 1293 των
276 1221 381 1293 αὐτοῦ
404 1225 611 1313 Σόντροφοι,
635 1223 679 1306 ῶς
694 1224 871 1313 Ἀθήναιος
889 1228 976 1313 λέγει
995 1230 1031 1295 ἐν
1050 1226 1085 1312 γ’
1105 1236 1336 1315 Δειπνοσοφι·

187 1335 291 1417 στῶν,
314 1333 370 1399 καλ
386 1330 529 1401 Ἑαυτὸν
550 1336 703 1418 πενθῶν,
727 1330 771 1413 ῶς
794 1333 895 1401 πάλιν
920 1331 937 1402 ὁ
963 1332 1063 1414 αὐτὸς
1086 1337 1122 1402 ἐν
1145 1338 1192 1426 τῷ
1218 1334 1279 1404 ια’.

61 1496 64 1501 .
146 1455 171 1494 10
275 1440 445 1508 CLXXIV.
470 1439 752 1528 Δαμόστρατος
767 1439 940 1526 ἱστορικός.
963 1437 1131 1511 ἁλιευτικὰ
1141 1443 1179 1509 ἐν
1188 1447 1337 1528 βιβλίοις

184 1544 218 1612 κ’
241 1546 296 1613 καὶ
323 1546 398 1631 περὶ
426 1552 483 1634 τῆς
511 1547 658 1634 ἐνύδρου
686 1552 845 1635 μαντικῆς
872 1549 926 1615 καλ
951 1550 1046 1635 ἕτερα
1069 1548 1237 1637 σόμμικτα
1264 1549 1336 1637 ἐχό-

70 1659 73 1662 ’
185 1679 270 1740 μενα
294 1657 447 1739 ἱστορίας.

274 1763 431 1830 CLXXV.
464 1763 697 1850 Δαμόφιλος
715 1762 914 1849 φιλόσοφος,
937 1763 1110 1851 σοφιστής,
1133 1761 1175 1832 δν
1192 1762 1337 1853 ἀνεθρέ-

184 1881 269 1948 ψατο
291 1865 474 1948 Ἰουλιανὸς
498 1868 516 1937 ὁ
541 1870 592 1936 ἐπὶ
614 1869 758 1955 Μάρκου
779 1874 841 1938 τοῦ
863 1870 1024 1956 βασιλέως
1041 1868 1177 1956 ὕπατος,
1203 1871 1340 1959 γράψας

146 1991 170 2031 15
183 1979 376 2062 πάμπολλα,
402 1979 434 2058 ἐξ
458 1969 506 2045 ῶν
536 1976 639 2044 ταῦτά
668 2003 724 2064 μοι
753 1976 887 2064 εὕρηται
916 1979 967 2045 ἐπὶ
995 1992 1067 2071 ταῖς
1093 1981 1160 2049 τῶν
1190 1984 1339 2065 βιβλίων

183 2082 317 2169 θήκαις·
345 2083 545 2170 Φιλόβιβλος
563 2080 583 2170 ἢ
602 2085 676 2169 περὶ
696 2082 897 2172 άξιοκτήτων
912 2090 1062 2171 βιβλίων,
1082 2083 1165 2170 πρὸς
1186 2085 1339 2154 Λόλλιον

183 2188 357 2275 Μάξιμον,
380 2191 454 2277 περὶ
477 2196 555 2276 βίον
578 2187 740 2278 άρχαίωυ,
762 2192 817 2258 καὶ
841 2192 935 2276 ἕτερα
958 2190 1157 2281 πάμπολλα..

273 2299 442 2365 CLXXVI.
480 2306 512 2365 Δ
518 2301 614 2383 αφίδ
619 2325 661 2377 ας
684 2296 883 2383 Τελμισσεὺς
901 2298 1137 2385 γραμματικός,
1155 2300 1342 2388 γεγραφὼς

182 2405 257 2490 περὶ
274 2401 419 2492 Ὁμήρου
437 2405 492 2471 καὶ
511 2408 568 2491 τῆς
587 2404 750 2490 ποιήσεως
770 2402 874 2472 αὐτοῦ
893 2402 944 2472 ότι
964 2393 1138 2484 ἐψεύσατο·
1154 2402 1341 2494 Ἀθηναῖοι

144 2525 170 2565 2⁰
183 2510 247 2597 γάρ
272 2509 333 2578 οόκ
358 2509 578 2599 ἐστράτευσαν
602 2511 653 2577 ἐπὶ
668 2508 786 2578 Ἴλιον.
821 2502 877 2596 [ἦν
898 2510 935 2578 δὲ
954 2501 1051 2592 οὗτος
1069 2513 1342 2602 λοιδορούμενος

154 2620 282 2687 ’παντί
312 2620 366 2686 καλ
393 2619 506 2706 μέχρις
534 2614 645 2686 αὐτῶν
675 2616 719 2705 μὴ
743 2616 943 2705 φειδόμενος
970 2622 1038 2687 τῶν
1064 2624 1172 2706 θεῶν,
1205 2620 1339 2709 <ῶστε>

187 2767 398 2774 ——--..---—

183 2865 331 2936 προγόνων
349 2870 405 2923 τῶν
419 2864 697 2937 -στρατευσάντων
711 2867 810 2934 Daab,
830 2868 903 2936 quod
923 2867 1023 2944 probat
1037 2869 1175 2938 qunoIff,
1195 2872 1264 2940 περὶ
1283 2872 1341 2927 τῶν

76 2956 81 2965 ’
184 2943 215 3002 ἐν
231 2942 344 3002 Ἐλλάδι
363 2950 451 3016 γενῶν
472 2947 502 3002 ἓν
522 2947 591 3001 coni.
612 2947 771 3002 Gutschmid
847 2954 862 3001 λ
882 2945 970 3016 συχνά
990 2965 1044 3004 om.
1064 2950 1141 3004 Eud.

256 3025 377 3081 CLXXII
403 3029 477 3083 Eud.
502 3047 527 3098 p.
547 3034 624 3083 221„
646 3027 685 3081 cf.
706 3027 807 3081 Miiller
826 3028 865 3082 IV
883 3046 910 3096 p.
930 3034 979 3082 377
1068 3036 1085 3083 4
1109 3029 1206 3084 Verba
1230 3031 1341 3087 inclusa

185 3125 238 3163 om.
258 3109 344 3177 Ειιδ,
362 3109 456 3176 itaque
476 3108 661 3178 expungenda
680 3124 737 3162 esse
757 3109 814 3162 dixi
833 3110 902 3163 Mus.
922 3109 1009 3164 Rhen.
1029 3109 1132 3175 XXXV
1151 3129 1178 3180 p.
1200 3117 1270 3180 209,
1295 3130 1341 3168 ea-

184 3188 248 3242 dem
266 3189 328 3243 add.
344 3185 516 3258 Αίθιοιτικὴν
537 3186 728 3255 ίστορίανναλ
746 3184 829 3256 ἄλλα,
849 3205 920 3257 quae
935 3190 1021 3244 verba
1039 3207 1072 3244 ex
1090 3189 1219 3259 pleniore
1235 3191 1341 3247 Suidae

184 3270 336 3340 exemplari
354 3286 482 3324 manasse
500 3271 583 3339 putat
602 3269 699 3336 Πανὸς
720 3285 753 3322 ex
767 3268 921 3322 Democriti
935 3269 1086 3323 Abderitae
1104 3269 1177 3337 vita,
1203 3272 1255 3340 qui
1274 3273 1341 3327 scri·

183 3349 241 3419 psit
259 3349 322 3419 περὶ
346 3351 401 3405 τῶν
426 3346 457 3404 ἐν
476 3345 576 3419 Μερόῃ
596 3347 679 3418 ίερῶν
702 3346 887 3419 γραμμάτων,
912 3350 966 3404 hue
984 3348 1093 3403 intrusa
1113 3366 1174 3405 esse
1193 3354 1342 3421 persuasit

185 3430 291 3484 Malla
615 3434 617 3438 ⁴

255 3510 391 3564 CLXXIII
410 3512 484 3566 Eud.
504 3529 531 3580 p.
551 3517 616 3578 227,
640 3527 711 3578 quae
735 3526 803 3564 voce
827 3505 949 3579 κωμικός
967 3508 1057 3563 vitam
1079 3507 1257 3566 terminavit.
1296 3513 1340 3570 ef.

183 3589 311 3644 Meinelr's
331 3591 342 3642 Ι
362 3610 387 3660 p.
408 3595 460 3644 484
533 3596 621 3658 iseq.
640 3590 741 3644 Athen.
758 3589 796 3643 III
811 3608 836 3658 p.
854 3596 917 3659 101,
937 3589 974 3642 XI
989 3608 1015 3659 p.
1032 3595 1093 3644 468.
1113 3591 1254 3660 Hesychii
1267 3612 1338 3648 num

68 3706 75 3719 .
186 3670 312 3733 vitarit,
332 3669 460 3724 dubium:
481 3670 515 3724 cf.
535 3669 628 3735 Daub,
648 3670 682 3723 de
702 3670 776 3724 Suid.
796 3689 823 3740 p.
843 3677 896 3724 484

256 3748 389 3804 CLXXIV
408 3750 530 3819 Eud.'p.
550 3757 600 3804 221
675 3756 709 3803 10
727 3750 871 3819 γέγραφεν
891 3752 953 3806 add.
972 3751 1048 3806 Eud.

256 3828 378 3884 CLXXV
396 3830 471 3884 Ευά.
490 3849 517 3899 p.
539 3836 598 3886 232.
637 3831 676 3884 Cf.
696 3830 798 3885 Miiiler
821 3831 860 3884 III
881 3850 908 3900 p.
929 3838 981 3886 666
1068 3837 1100 3886 13
1124 3831 1174 3886 καί
1198 3831 1341 3902 σοφιστής

184 3911 260 3965 Eud.
300 3904 334 3964 δν
354 3941 384 3949 -
405 3906 568 3982 Φιλόβιβλος
587 3906 604 3979 ἢ
624 3930 678 3967 om.
697 3912 773 3965 Εκιί.
793 3928 912 3980 pergens
926 3909 1052 3979 γέγραφε
1073 3911 1138 3978 περὶ
1157 3906 1341 3981 άξιοκτήτων

185 3993 270 4064 βιβλ.;
292 3993 385 4062 Φιλοβ.
404 3992 512 4059 πρῶτος
530 3991 596 4046 libri
615 3988 640 4045 α’
664 3993 788 4061 Τουρίιιε
805 3985 823 4060 ἢ
843 4008 911 4045 corr.
930 3992 1067 4046 Kasterus
1085 4013 1115 4047 τε
1134 4010 1185 4062 pro
1205 3995 1274 4064 περὶ
1292 4002 1317 4050 V

256 4071 391 4126 CLXXVI
410 4073 484 4127 Ευιί,
505 4090 531 4141 p.
551 4077 603 4126 229
669 4077 702 4125 18
723 4068 928 4141 ΤελμισσεόςΔ
941 4073 1015 4127 Eud.
1039 4068 1209 4142 Τελμινσεός
1223 4081 1247 4128 Ε
1269 4079 1339 4131 Τελ-

185 4150 282 4222 μισευς
299 4154 371 4220 vulp.
426 4151 551 4220 γέγραφε
571 4150 619 4204 καλ
638 4148 775 4222 περλὉμ.
794 4153 870 4206 Eud.
937 4159 968 4207 19
988 4147 1081 4206 αὐτοῦ
1097 4150 1242 4222 ποιήσεως
1260 4154 1338 4223 libri,

185 4233 358 4287 οοττ.1)αιιθ
440 4238 473 4285 20
492 4225 527 4299 ἦν
547 4230 578 4285 δὲ
599 4223 681 4292 οὗτος
702 4263 733 4271 -
754 4234 818 4288 exit.
838 4252 894 4288 non
913 4234 948 4288 ab
968 4233 1107 4302 Hesychio
1126 4232 1258 4302 profecta
1276 4252 1339 4290 esse

185 4312 267 4366 docui
289 4313 359 4366 Mus.
379 4312 465 4365 Rhen.
486 4310 589 4364 XXXV
606 4329 633 4380 p.
654 4318 713 4367 209.
751 4313 898 4381 Excerpsit
915 4312 1158 4383 Pseudo-Hesyeh.
1178 4328 1200 4366 e.
1226 4319 1260 4369 16

185 4396 217 4443 21
240 4386 334 4445 ἐθνῶν
352 4397 375 4444 Δ
394 4409 462 4446 corr.
482 4407 554 4444 man.
574 4393 713 4445 recentior
776 4387 866 4446 ·ῶστε
886 4391 935 4446 καί
954 4410 1022 4447 corr.
1042 4393 1269 4448 Hemstertuaeus
1286 4396 1342 4448 καί

186 4485 275 4539 φασιν
294 4467 365 4525 coni.
385 4468 484 4538 Daui),
503 4469 565 4523 coil.
586 4469 661 4526 Suid.
681 4491 706 4527 v.
723 4475 849 4544 Δίδυμος
867 4475 896 4528 et
915 4469 1027 4544 Ζήνωνς
1046 4471 1095 4526 καλ
1113 4473 1184 4544 vulp.
