2880 5054
616 319 828 377 fflmffis
1230 325 1292 388 lm

233 481 288 548 καὶ
311 483 512 569 Κλέαρχος
531 508 549 549 ο
569 479 734 562 Ποντικὸς
754 484 829 562 νέος
852 478 900 550 ῶν
924 489 971 565 εἰς
990 483 1136 572 Ἀθήνας
1155 484 1291 571 άφίκετο

144 586 291 669 άαούσαιΙ
313 587 504 669 Πλάτωνος.

235 696 457 765 OOOOXLIX.
495 702 815 785 Κλεοβουλίνη
845 703 983 786 Λινδία,
1006 701 1161 789 θυγάτηρ
1190 708 1292 769 Κλεο-

142 804 273 890 βούλου
296 809 356 873 τοῦ
380 810 500 892 σοφοῦ.
540 810 685 892 ἔγραψεν
708 809 768 891 ἔπη
793 805 848 871 καὶ
871 812 1014 893 γρίφους
1036 806 1147 877 καὶτὸ
1173 807 1292 899 ᾀδόμε-

143 938 208 979 νον
237 916 283 992 είς
314 910 375 980 τόν
407 910 562 980 ἐνιαυτόν
596 920 750 999 αἴνιγμα,
783 905 839 996 [ού
867 911 888 1001 ἡ
916 913 1001 1003 άρχή
1034 910 1093 997 <εἷς
1126 914 1143 985 ὁ
1175 916 1320 1004 πατηρ,5

144 1024 262 1098 παῖδες
287 1019 323 1086 δέ
348 1019 516 1104 δυόδεκα,
539 1024 606 1087 τῶν
631 1019 668 1087 δέ
693 1019 818 1112 ἑκάστῳ
842 1026 957 1102 παῖδες
979 1024 1198 1111 τριάκοντα’.]

235 1137 377 1204 CCOOL.
424 1135 716 1221 Κλεόβουλος
744 1133 923 1224 Εὐαγόρου
955 1143 1108 1225 Λίνδιος,
1146 1134 1194 1218 εἷς
1224 1143 1292 1206 τῶν

144 1242 172 1324 ζ’
207 1239 463 1330 ὀνομαζομένων
496 1247 628 1330 σοφῶν,
665 1245 758 1333 ῥῶμη
788 1246 843 1313 καὶ
875 1245 988 1313 κάλλει
1020 1249 1191 1333 διαφέρων
1224 1248 1293 1312 τῶν

142 1346 216 1417 κατ’
247 1347 366 1434 αὐτόν,
395 1352 527 1437 μετέσχε
556 1376 590 1418 τε
618 1354 676 1437 τῆς
703 1353 739 1418 έν
768 1351 927 1442 Αίγύπτφ
956 1357 1166 1439 φιλοσοφίας.
1210 1354 1292 1438 [ἐγέ-

142 1484 220 1525 νετο
250 1456 287 1524 δὲ
316 1454 406 1548 αὐτῷ
434 1456 588 1544 θυγάτηρ
614 1463 842 1545 Κλεοβουλίνη
872 1460 1057 1545 ἑξαμέτρων
1086 1459 1292 1546 αἰνιγμάτων
1308 1478 1332 1516 10

141 1564 321 1653 ποιήτρια]
361 1555 458 1645 οὗτος
481 1569 625 1652 ἔγραφεν
650 1562 778 1654 ᾅσματα
802 1566 858 1632 καὶ
881 1571 1024 1654 γρίφους
1052 1570 1099 1647 είς
1123 1571 1182 1653 ε”πη
1206 1586 1292 1655 τρισ-

141 1679 240 1760 χίλια.
293 1675 373 1756 [τῶν
409 1671 445 1739 δὲ
479 1669 655 1761 ᾀδομένων
683 1671 787 1741 αὐτοῦ
818 1671 1016 1760 εὐδοκίμησε
1043 1673 1131 1742 τάδε.
1180 1669 1293 1760 (άμου-

143 1785 200 1847 σία
222 1781 260 1847 τὸ
284 1781 386 1848 πλέον
411 1781 510 1867 μέρος
537 1781 574 1847 έν
597 1782 791 1865 βροτοῖσιν.’
838 1782 930 1867 ἔλεγέ
951 1807 985 1848 τε
1008 1779 1067 1849 τὸν
1092 1787 1193 1869 φίλον
1219 1784 1292 1848 δεῖν

144 1886 347 1975 εὐεργετεῖν,
372 1885 461 1966 ὅπως
484 1891 613 1974 μάλλον
636 1878 656 1975 ᾖ
677 1892 790 1973 φίλος,
813 1884 872 1954 τὸν
897 1886 934 1954 δὲ
958 1886 1082 1975 ἐχθρὸν
1102 1894 1204 1976 φίλον
1224 1911 1292 1954 ποι-

142 2009 203 2062 εῖν.
245 1993 406 2081 <εὐτυχῶν
429 1991 472 2080 μὴ
505 1998 561 2060 έσο
589 1989 819 2080 ὑπερήφανος,
849 1991 1022 2082 άπορήσας
1048 1993 1093 2082 μὴ
1121 1999 1292 2080 ταπεινοῦ,
1308 2010 1334 2050 1⁵

141 2102 202 2180 τὰς
220 2097 404 2187 μεταβολὰς
422 2103 480 2186 τῆς
500 2098 601 2185 τύχης
622 2104 787 2183 γενναίως
806 2100 961 2167 ε’πίστασο
981 2102 1130 2188 φέρειν’]
1169 2101 1294 2170 ε’τελεύ-

142 2227 221 2294 τησε
246 2206 284 2273 δέ
307 2205 460 2293 γηραιός,
487 2210 541 2290 έτη
565 2201 661 2290 βιούς
685 2203 727 2272 0‘.
770 2203 976 2293 [άπεφηνατο
1002 2206 1149 2276 πάντων
1171 2211 1294 2296 μέτρον

142 2315 306 2401 άριστον.’
351 2315 407 2381 ταὶ
430 2311 567 2381 Σόλωνι
592 2314 776 2381 ἐπέστειλεν
801 2311 902 2381 οὕτω·
933 2315 1067 2382 πολλοὶ
1084 2319 1151 2402 ’μέν
1174 2343 1227 2383 τιν
1251 2320 1293 2382 ει’-

143 2424 199 2490 σλν
224 2422 350 2511 ἑταῖροι
374 2420 430 2488 καὶ
454 2418 545 2498 οἶκος
567 2418 690 2508 πάντη,
715 2420 800 2506 φαμὶ
822 2417 853 2486 δ’
871 2418 935 2505 ε’γῶ
953 2422 1201 2490 ποτανεστάταν
1226 2428 1292 2490 doe·

143 2540 226 2598 σθαι
259 2531 395 2597 Σόλωνι
426 2525 488 2595 τάν
518 2531 647 2594 Λίνδον
682 2529 1013 2614 δαμοκρατεομέναν,
1047 2528 1101 2596 καὶ
1136 2527 1157 2596 δ
1189 2533 1294 2610 νᾶσος
1307 2545 1334 2584 2⁰

144 2638 322 2723 πελαγία.’]
1144 2706 1149 2716 ,

237 2744 398 2812 COCOLI.
427 2744 621 2830 Κλεοφῶν
637 2737 816 2828 Ἀθηναῖος
834 2741 996 2829 τραγικός.
1025 2747 1093 2812 τῶν
1113 2743 1292 2832 δραμάτων

197 2987 1410 3087 ·mwmmwmffimmm.smfflmmma‘·

143 3105 218 3158 Mus.
237 3102 326 3158 Rhea.
347 3103 364 3158 1.
385 3119 408 3158 ο.
444 3099 526 3155 Nune
545 3101 634 3154 totam
653 3099 741 3152 vItam
762 3114 780 3150 a
798 3098 884 3153 Suida
903 3099 1028 3154 additam
1045 3102 1206 3170 'putaverim

214 3189 391 3246 CCOOXLIX
419 3190 494 3244 Eud.
518 3207 545 3258 p.
566 3194 626 3242 447.
669 3186 749 3242 Vitae
773 3188 954 3243 Cleobulinae
979 3192 1008 3245 et
1031 3191 1158 3245 Cleobuli
1186 3194 1293 3260 pertur-

142 3274 226 3328 batas
246 3289 306 3326 esse
326 3269 409 3325 doaui
427 3268 496 3323 Mus.
512 3268 599 3321 R-hen.
619 3268 637 3320 I.
658 3284 680 3320 ο.
696 3286 722 3336 p.
738 3273 798 3334 216,
819 3284 870 3322 nea
890 3268 981 3322 minus
1001 3270 1119 3324 alteram
1138 3270 1227 3324 vitam
1246 3270 1293 3323 ad-

143 3350 308 3407 ditamentis
324 3349 522 3418 interpolatam
541 3366 574 3402 ex
593 3348 676 3417 Diog.
695 3349 720 3414 Ι,
740 3354 773 3402 89
794 3351 822 3402 et
841 3354 882 3401 91.
921 3349 960 3402 Cf.
982 3350 1067 3403 etiam
1087 3350 1192 3418 Bergk,
1215 3352 1292 3404 Poet.

142 3435 194 3503 lyr.
211 3452 237 3502 p.
253 3439 314 3486 971.
345 3429 424 3483 Hanc
443 3428 568 3497 suspicor
586 3427 732 3496 pristinam
753 3428 894 3496 utriusque
913 3428 1033 3483 formam
1048 3429 1144 3485 fuisse:
1164 3433 1213 3484 Κλ.
1228 3435 1293 3482 Λιν-

143 3516 209 3581 δία,
228 3506 360 3582 θυγάτηρ
374 3513 423 3564 Κλ.
438 3508 488 3562 τού
505 3509 609 3576 σοφοῦ,
629 3503 789 3575 ἑξαμέτρων
805 3504 978 3576 αἰνιγμάτων
992 3505 1132 3578 ποιήτρια.
1152 3506 1292 3578 Κλεόβου-

143 3598 199 3663 λος,
220 3589 311 3660 Εὐαγ.
330 3591 457 3657 Λίνδιος,
481 3586 522 3650 εἷς
544 3589 600 3642 τῶν
619 3591 634 3654 ζ
656 3583 872 3658 ὀνομαζομένων
892 3589 1001 3656 σοφῶν,
1026 3584 1104 3658 δάμη
1128 3589 1177 3643 ταὶ
1198 3585 1294 3643 κάλλει

143 3671 292 3742 διαφέρων
317 3671 373 3725 τῶν
400 3663 464 3724 κατ’
492 3663 592 3738 αὐτόν,
621 3667 735 3738 μετέσχε
763 3667 794 3723 δὲ
822 3669 871 3737 τῆς
900 3664 930 3723 έν
957 3665 1087 3739 Αἰγύπτῳ
1115 3670 1292 3737 φιλοσοφίας.

145 3750 271 3822 ἔγραψεν
291 3745 404 3827 ᾄσματα
424 3781 457 3788 --
476 3751 619 3818 τρισχίλια.
658 3745 819 3817 ἐτελεύτησε
835 3771 869 3788 ²-
886 3743 964 3822 βιούς
981 3742 1004 3801 o'
1087 3755 1102 3801 3
1131 3746 1292 3822 Κλεοβούλη

144 3834 221 3888 Eud.
295 3828 458 3901 4ἔγραφεν
477 3847 530 3884 om.
545 3835 568 3881 V
622 3831 721 3898 γρίφια
733 3830 808 3883 Eud.
882 3829 952 3883 ode
972 3829 1059 3899 epigr.
1080 3829 1114 3885 af.
1130 3829 1214 3884 Anth.
1231 3831 1292 3885 Pal.

144 3912 217 3981 XIV,
238 3920 297 3968 101.
341 3911 457 3965 Suidam
481 3911 618 3964 errantem
642 3909 712 3962 illud
736 3911 867 3979 aenigma
883 3909 1064 3964 Cleobulinae
1085 3909 1192 3964 dedisse
1211 3911 1293 3979 putat

144 3995 245 4060 Ηιλίεν,
264 3994 335 4050 Mus.
351 3993 440 4046 Rhea.
459 3989 576 4044 XXXIII
595 4008 621 4059 p.
642 3995 694 4044 524

216 4081 328 4138 CCOCL
350 4086 384 4134 10
398 4076 559 4148 Κλεοβούλη
578 4081 651 4148 ναίμ.
666 4079 741 4133 reete
756 4083 832 4130 ARV
888 4085 920 4133 12
939 4079 1126 4149 interpolator
1144 4080 1293 4149 adscripsit

143 4181 177 4217 ex
195 4161 281 4217 schol.
298 4165 342 4223 Ar.
361 4159 424 4227 Lys.
446 4166 512 4214 1237
598 4165 630 4212 13
655 4160 704 4212 δεῖ
718 4162 750 4224 V,
774 4159 848 4225 quod
871 4176 924 4214 reo.
946 4161 1083 4215 Westerm.
1167 4166 1199 4214 17
1224 4155 1292 4214 άπε-

145 4239 255 4311 φήνατσ
275 4245 352 4292 ABV
375 4230 456 4302 οὗτος
479 4235 527 4294 άπ.
551 4240 600 4294 rel.
691 4245 725 4293 20
749 4241 939 4308 δαμοκρατεῖν
964 4237 1016 4308 μὲν
1038 4230 1088 4292 σύν
1108 4243 1209 4291 ABVE
1235 4242 1292 4309 (sed

144 4325 261 4392 δημοιρ.
281 4338 417 4391 suprascr.
432 4323 466 4390 V)
485 4337 553 4374 corr.
576 4320 701 4388 Τουρίαν
719 4321 939 4388 δαμοκρατεῖται
957 4321 1094 4374 Karteron

216 4400 342 4458 ccccm
361 4400 437 4457 Eud.
453 4420 479 4472 p.
491 4406 550 4454 444.
582 4400 622 4454 cf.
636 4399 777 4468 WeIoker,
796 4398 841 4453 Gr.
858 4401 940 4468 Trag.
955 4405 1074 4468 p.1010;
1094 4394 1208 4468 Kayser,
1226 4399 1292 4477 hist.

143 4483 205 4538 orit.
225 4485 297 4552 trag.
318 4500 345 4552 p.
365 4485 416 4535 228
