2910 5056
547 322 831 379 PROLEGOMIINA.
1117 351 1121 365 =
1197 323 1262 379 XIII

115 503 190 546 oum
214 481 329 548 Suidas
348 484 549 569 Hesychium
574 487 745 570 scriptores
765 485 1001 551 ecclesiasticos
1022 487 1153 552 silentio
1170 508 1261 570 prae·

111 589 239 653 teriisse
272 592 470 676 exposuerit,
502 592 564 658 hoc
599 614 696 677 quam
729 593 838 677 inepte
872 592 992 657 dictum
1025 593 1069 657 sit
1100 593 1261 658 illustravi

111 695 195 761 Mus.
218 695 322 762 Rhen.
345 698 365 762 l.
390 721 416 763 o.
438 723 469 783 p.
491 700 552 764 199
575 702 615 768 ,et
642 700 684 765 ib.
707 699 847 764 XXXVI
870 723 901 784 p.
924 700 989 764 624
1009 721 1089 784 seq,
1117 699 1156 765 ad
1180 721 1261 783 quae

111 824 198 867 nunc
229 825 333 887 pauca
366 805 481 870 addere
511 806 622 890 liceat,
652 800 825 891 postquam
856 807 979 891 perlegi
1010 806 1044 872 (l.
1066 805 1260 890 Neumanni,

110 907 230 973 Iuliani
257 910 296 976 fr.
320 911 495 978 edItIonem
518 910 620 999 (Lips.
647 910 759 1000 1880),
788 913 937 997 inprimis
960 936 991 998 p.
1015 914 1058 978 30
1080 916 1147 977 not.
1192 911 1260 977 Ilos

112 1015 198 1079 enim
222 1021 368 1084 auctores
392 1020 588 1086 christianos
618 1020 692 1086 inde
720 1021 902 1102 suspicatus
931 1042 1002 1085 sum
1031 1021 1071 1084 ab
1095 1019 1260 1104 Hesychio

111 1123 146 1185 in
169 1121 443 1212 Onomatologum
467 1131 613 1210 receptos
636 1127 751 1210 fuisse,
774 1127 830 1211 qui
852 1126 971 1191 litteris
990 1125 1120 1190 Graecis
1143 1127 1260 1191 imbuti

111 1229 288 1315 eademque
311 1232 350 1296 de
373 1254 471 1298 causa
494 1232 622 1298 Iuliano
641 1233 831 1317 imperatori
849 1233 989 1297 maxime
1012 1233 1112 1297 invisi
1131 1232 1260 1314 fuerint,

110 1337 199 1401 velut
222 1337 434 1421 Apolinarius
458 1340 680 1423 Laodicensis,
704 1338 878 1425 Gregorius
902 1339 991 1424 Nan,
1014 1338 1155 1404 Basilius
1181 1337 1259 1404 (Iae-

111 1445 282 1528 sareensis,
299 1443 462 1512 Diodorus
477 1446 680 1530 Tharsensis,
699 1447 737 1511 de
757 1469 821 1531 quo
840 1449 1008 1530 practerea
1027 1445 1066 1510 cf.
1080 1443 1260 1528 Facundus,

114 1550 177 1615 def.
201 1555 241 1615 tr.
264 1553 397 1637 capitul.
420 1554 455 1636 4,
479 1554 509 1619 2.
846 1548 848 1552 ¹

201 1657 409 1742 Epitomator
432 1662 549 1744 autem,
572 1661 611 1724 de
635 1661 726 1725 cuius
749 1661 818 1725 vtta
842 1663 874 1724 et
897 1661 1028 1725 nomine
1050 1660 1097 1724 nil
1116 1680 1259 1744 comper·
1283 1679 1303 1756 g
1322 1677 1343 1739 3

108 1767 181 1827 tum
212 1763 383 1848 habemus,
399 1769 443 1841 xet
466 1766 568 1852 ipsius
597 1766 754 1850 Hesychii
781 1765 901 1831 Milesii
929 1766 1029 1832 vitam
1057 1766 1160 1831 lexico
1189 1765 1256 1830 bio·

110 1869 267 1956 graphico
302 1873 439 1938 inseruit
471 1877 504 1938 et
537 1875 674 1939 aliorum
703 1877 885 1958 auctorum,
917 1876 973 1960 qui
1000 1877 1076 1958 post
1102 1872 1257 1956 Hesychii

110 1981 251 2044 aetatem
274 1980 474 2064 claruerunt,
496 1982 585 2046 velut
605 1981 800 2047 Simocattae
821 1979 899 2067 (nisi
918 1981 1020 2066 ipsius
1044 1979 1161 2046 Suidae
1184 1978 1257 2064 est),

109 2082 249 2151 fortasse
271 2087 371 2151 etiam
391 2086 524 2173 Georgii
542 2087 678 2171 Pisidae,
697 2087 854 2172 Paulique
873 2087 1062 2174 Aeginetae,
1080 2086 1258 2150 Alexandri

109 2193 269 2258 Tralliani
294 2192 431 2281 (mortui
454 2217 482 2260 a.
502 2182 582 2280 605)
602 2195 761 2278 aequalis,
782 2192 950 2280 Menandri
968 2192 1168 2259 Protectoris
1190 2189 1258 2276 all)

109 2299 179 2365 Nec
203 2300 347 2385 dubium,
373 2303 451 2386 quin
474 2302 553 2367 haec
576 2300 734 2385 Hesychii
758 2300 899 2386 epitome
922 2300 1166 2385 insequentibus
1191 2319 1258 2363 sae·

109 2408 192 2472 culis
221 2409 364 2473 omnium
392 2407 459 2472 fere
487 2409 522 2472 in
552 2408 702 2472 manibus
725 2407 837 2490 fuerit,
866 2407 1136 2491 quemadmodum
1159 2405 1258 2490 paulo

83 2518 186 2580 ‘ante
210 2516 281 2600 ipse
304 2514 563 2599 Onomatologus
587 2537 713 2580 summo
738 2515 772 2579 in
795 2515 918 2580 honore
941 2514 1060 2592 fuerat,
1087 2514 1170 2577 unde
1193 2534 1260 2576 non

109 2621 208 2686 modo
232 2643 345 2686 omnes
368 2623 407 2686 de
431 2623 537 2706 poetis
557 2620 690 2687 Graecis
714 2621 827 2705 iisque,
851 2622 907 2705 qui
925 2643 1023 2705 prosa
1042 2620 1190 2685 oratione
1208 2620 1259 2695 usi

110 2733 196 2813 sunt,
219 2729 404 2795 auctoribus
427 2752 519 2794 suam
539 2730 744 2813 acquirerent
763 2728 952 2808 doctrinam,
976 2726 1149 2793 sedetiam
1169 2725 1259 2790 scho-

109 2837 228 2902 liastae
260 2837 489 2923 biographicas
522 2858 587 2921 res,
620 2837 737 2921 quibus
768 2858 921 2902 exornare
950 2834 1099 2902 solebant
1127 2834 1259 2912 scholia,

110 2944 333 3027 compilarent.
360 2943 518 3009 'Periisse
546 2946 655 3008 autem
683 2943 768 3008 hanc
797 2943 960 3028 epitomen
988 2942 1175 3007 duodecimo
1206 2942 1258 3006 de-

109 3073 200 3116 mum
219 3052 348 3117 saeculo
363 3055 440 3136 post
454 3050 617 3116 Eudociae
637 3055 670 3115 et
689 3054 764 3115 ante
778 3050 940 3134 Zonarae,
958 3051 1012 3136 qui
1032 3049 1158 3133 dicitur,
1178 3053 1258 3114 tem·

109 3179 191 3241 pora
215 3158 310 3224 docui
333 3157 463 3224 Unters.
483 3181 513 3243 p.
523 3159 571 3222 ’93
596 3162 629 3223 et
651 3157 787 3242 praefat.
811 3158 953 3242 Hesych.
975 3181 1007 3242 p.
1022 3156 1082 3241 XI,
1108 3179 1171 3240 quo
1194 3157 1258 3221 fac-

111 3268 182 3328 tum
211 3268 274 3349 est,
301 3268 338 3330 ut
366 3289 441 3332 mox
468 3269 625 3349 tanquam
648 3268 765 3331 iterata
789 3266 831 3329 sit
854 3288 874 3329 a
896 3265 1085 3330 tenebrionc
1107 3264 1180 3347 illo,
1203 3263 1258 3348 qui

110 3369 228 3436 Suidae
247 3371 469 3457 Diogenisque
488 3370 610 3437 Laertii
632 3372 774 3439 vitarum
793 3372 933 3437 frustula
951 3372 1162 3456 neglegenter
1181 3392 1255 3436 con-

108 3478 292 3542 taminavit.
333 3478 425 3554 Quod
449 3479 640 3563 opusculum
663 3478 786 3543 frustra
809 3477 942 3563 genuini
961 3477 1115 3562 Hesychii
1139 3500 1257 3543 nomen

109 3585 356 3669 doctrinamque
374 3586 495 3682 iactare
509 3587 632 3671 primus
647 3589 808 3673 sagaciter
821 3585 985 3670 perspexit
1003 3585 1160 3670 Letrsius,
1174 3584 1258 3650 Mus.

109 3692 211 3757 Rhen.
235 3691 331 3757 XVII
362 3717 393 3778 p.
413 3693 478 3758 453
513 3692 748 3781 (Pindarschol.
780 3717 821 3778 p.·
836 3693 928 3778 159),
960 3693 1013 3758 cui
1045 3714 1158 3758 omnes
1191 3692 1257 3757 fere

108 3802 225 3884 postea
248 3799 439 3884 adstipulati
468 3804 543 3864 sunt
567 3804 696 3883 practer
715 3799 934 3866 Schneiderum
957 3798 1099 3885 (Gallim.
1117 3799 1150 3864 II
1168 3822 1199 3883 p.
1214 3800 1257 3863 24

109 3907 205 3990 not),
228 3907 283 3991 qui
307 3907 503 3972 contrariam
526 3909 637 3971 tuetur
660 3907 859 3992 opinionem,
884 3907 1019 3972 eundem
1043 3929 1168 3973 errasse
1191 3907 1257 3970 dixi

112 4013 212 4096 praef.
231 4011 371 4098 Hesych.
389 4038 420 4100 p.
436 4012 510 4080 XII.

184 4174 209 4240 1)
233 4173 372 4242 Agathiae
395 4189 518 4242 quoque,
541 4171 618 4228 Petri
641 4172 783 4243 Magistri,
807 4174 950 4230 Laurentii
973 4172 1044 4244 Lydi
1068 4174 1139 4230 vitas
1162 4172 1256 4246 potius

111 4253 304 4323 opttomatoris
321 4269 381 4308 esse
395 4253 442 4308 vix
456 4252 640 4323 probabiliIcr
655 4253 811 4322 suspicatus
827 4258 869 4310 est
885 4255 976 4322 Daub,
991 4256 1070 4310 Stud.
1081 4276 1107 4326 p.
1120 4261 1180 4325 loa,
1198 4255 1256 4311 Me·

110 4333 211 4388 nandri
228 4333 315 4387 vitam
336 4351 398 4388 cum
418 4333 533 4387 ltohdeo
553 4331 590 4386 ad
608 4331 723 4388 Suidam
742 4334 864 4393 referens
878 4335 915 4390 ib.
930 4355 957 4406 p.
974 4341 1033 4392 129.
1049 4368 1081 4375 —
1102 4334 1208 4392 Exilem
1228 4341 1257 4392 et

111 4431 238 4469 mancam
258 4413 340 4468 Pauli
358 4412 513 4484 Aeginetae
533 4412 759 4484 Simocattaeque
779 4415 942 4471 memoriam
965 4413 1020 4487 ipsi
1039 4415 1141 4484 Suidae
1160 4417 1255 4474 deberi

111 4498 187 4564 ratus
206 4498 250 4551 est
268 4494 429 4564 Schneider,
448 4493 557 4551 Gallim.
574 4493 600 4549 ΙΙ
618 4512 645 4564 p.
661 4500 704 4552 27.
