2910 5056
579 296 793 351 HESYcfllUs.
1056 272 1058 276 ’
1214 294 1256 356 29

111 455 353 542 βασιλεύοντος
367 461 580 542 Πτολεμαίου
598 461 659 524 τοῦ
677 456 892 541 Φιλαδέλφου
910 455 965 521 καὶ
984 457 1045 521 τοῦ
1064 450 1132 541 μετ’
1154 452 1258 521 αυτὸν

112 568 175 630 τοῦ
202 563 433 649 Φιλοπάτορος
454 564 510 631 καὶ
532 564 675 650 προέστη
699 568 756 649 τῆς
778 567 838 631 τοῦ
859 564 1021 647 βασιλέως
1039 561 1259 648 βιβλιοθήκης

111 668 194 756 μετά
216 667 453 756 Ἀπολλώνιον,
477 675 549 750 ἔτος
567 669 661 756 άγων
686 669 747 756 ξβ’.
785 671 1040 748 διασκευασθεὶς
1063 668 1100 736 δὲ
1119 666 1163 745 ὡς
1181 673 1257 754 βου-

109 775 254 862 λόμενος
281 776 365 865 πρὸς
393 775 528 864 Εὐμενῆ
558 791 695 863 φυγεῖν,
723 775 898 861 ἐφυλάχθη
927 777 964 842 ἐν
993 778 1103 861 εἱρκτῇ
1132 774 1257 862 χρόνον

109 883 196 951 τινά.
225 882 352 971 ἠφείθη
373 884 409 952 δὲ
427 882 567 951 καδὺπὸ
587 887 830 970 στραγγουρίας
848 886 994 972 τελευτᾷ,
1014 886 1068 967 ἔτη
1087 880 1283 968 βεβιωκώςε

113 989 172 1071 οζ’.
220 991 461 1079 συγγράμματα
485 991 522 1058 δὲ
546 987 651 1058 αὐτοῦ
674 989 764 1057 πάνυ
786 988 901 1057 πολλά.

202 1099 284 1165 ΟΝ.
324 1097 621 1185 Ἀριστώνυμος
648 1097 803 1184 κωμικός.
847 1100 915 1164 τῶν
945 1095 1125 1183 δραμάτων
1153 1094 1259 1163 αὐτοῦ

111 1201 334 1286 ἐστιν-Ἥλιος
357 1208 478 1292 ῥιγῶν,
503 1201 548 1284 ὡς
569 1202 747 1289 Ἀθήναιος
773 1206 810 1271 ἐν
835 1212 1140 1290 Λειπνοσοφισταίς
1154 1256 1161 1271 .
1176 1255 1207 1271 ..

203 1312 269 1379 CV.
294 1310 434 1398 Ἀρίων
453 1319 683 1398 Μηθυμναῖος
701 1309 848 1398 λυρικός,
868 1310 1026 1389 Κυκλέως
1040 1309 1124 1394 υίός,
1142 1311 1259 1396 γέγονε

111 1416 195 1486 κατά
223 1417 284 1505 τὴν
306 1419 363 1504 λη’
387 1417 586 1506 ὀλυμπιάδα.
632 1416 719 1496 τινὲς
748 1417 785 1484 δὲ
812 1416 867 1483 καὶ
895 1413 1050 1503 μαθητὴν
1072 1413 1259 1503 Ἀλκμᾶνος
1274 1450 1300 1489 ιο

112 1525 296 1615 ἱστόρησαν
325 1523 439 1593 αὐτὸν.
484 1529 607 1611 ἔγραψε
636 1523 673 1590 δὲ
697 1522 839 1613 ᾅσματα,
862 1529 1021 1610 προοίμια
1045 1527 1092 1601 είς
1115 1529 1174 1611 ἔπη
1200 1523 1259 1614 ,βῖ

110 1636 241 1720 λέγεται
268 1634 323 1701 καὶ
353 1636 514 1720 τραγικοῦ
543 1631 671 1718 τρόπου
694 1628 829 1717 εὑρετὴς
852 1633 1026 1717 γενέσθαι,
1054 1631 1107 1697 καὶ
1132 1634 1261 1717 πρῶτος

111 1740 217 1829 χορὸν
237 1744 356 1828 στῆσαι
375 1740 431 1806 καὶ
447 1738 663 1826 διθύραμβον
679 1729 768 1823 άσαι,
787 1739 843 1805 καὶ
858 1734 1025 1824 ὀνομάσαι
1039 1736 1076 1804 τό
1093 1735 1260 1826 ᾀδόμενον
1312 1806 1317 1815 ,

109 1844 178 1914 ὑπὸ
201 1852 262 1915 τοῦ
286 1849 407 1935 χοροῦ,
431 1845 486 1912 καὶ
510 1845 687 1933 Σατύρους
710 1849 910 1931 εἰσενεγκεῖν
934 1850 1076 1932 ἔμμετρα
1095 1845 1261 1930 λέγοντας.

110 1952 285 2039 [φυλάττει
310 1953 347 2021 δὲ
365 1951 402 2020 τὸ
428 1978 453 2021 ω
477 1953 532 2020 καλ
552 1953 603 2019 ἐπὶ
626 1956 782 2038 γενικῆς]
1272 1981 1298 2021 15

201 2061 285 2128 CVI.
319 2057 528 2147 Ἀρκάδιος
553 2058 778 2146 γραμματικὸς
797 2055 992 2145 Ἀντιοχεύς.
1039 2062 1161 2144 ἔγραψε
1184 2056 1259 2144 περὶ

109 2165 363 2256 ὀρθογραφίας,
385 2167 461 2253 περὶ
485 2165 671 2246 συντάξεως
693 2170 759 2233 τῶν
783 2170 844 2234 τοῦ
868 2163 972 2251 λόγου
991 2167 1113 2254 μερῶν,
1137 2160 1261 2250 ὀνομα-

110 2272 210 2342 τικὸν
231 2273 435 2362 θαυμάσιον.

202 2382 303 2450 GVH.
336 2379 589 2469 ἈρκεσίλαοςΙ
612 2378 732 2465 [ὄνομα
756 2378 889 2467 κόριον]
914 2379 1170 2467 φιλόσοφος...

202 2488 317 2557 CVIII.
344 2486 550 2574 Ἀρκτῖνος
573 2486 686 2573 Τήλεω
705 2490 766 2554 τοῦ
785 2486 926 2555 Ναότεω
946 2483 1129 2574 άπογόνου,
1150 2485 1259 2573 Mapp-
1273 2518 1300 2556 το

110 2631 194 2686 codd.
209 2627 275 2701 μευ’
290 2636 318 2683 Μ
332 2636 391 2686 Ald.
412 2631 452 2687 Cf.
468 2629 575 2697 Rohde,
590 2630 660 2684 Μαε.
675 2629 762 2683 Rhen.
773 2629 890 2683 XXXIII
904 2649 929 2699 p.
948 2636 997 2685 167
1012 2632 1070 2686 nob.
1086 2638 1101 2685 3
1158 2638 1172 2684 1
1192 2647 1261 2700 opus

110 2712 226 2768 videtur
249 2711 444 2767 emendabione
462 2711 641 2780 Βακλανιλγί
664 2727 681 2762 a
703 2710 908 2765 Westermanno
930 2713 1055 2779 recepta:
1084 2709 1202 2766 διέτεινε
1227 2710 1259 2765 δὲ

109 2788 194 2862 μέχρι
212 2793 391 2863 Πτολεμαίου
414 2792 464 2846 τοῦ
486 2788 677 2860 Φιλοπάτορος
700 2791 749 2844 καὶ
771 2791 821 2844 τοῦ
841 2785 903 2859 μετ’
924 2785 1012 2844 αὐτὸν
1036 2793 1097 2860 βαο.
1132 2791 1259 2846 Ceterum

108 2873 198 2928 verba
218 2873 280 2944 βασ.
299 2903 333 2910 -
353 2867 441 2925 πολλά
465 2871 494 2925 in
518 2870 646 2926 omnibus
670 2868 750 2924 libris
773 2872 838 2939 post
856 2868 1029 2938 Aristonymi
1052 2870 1153 2926 comici
1173 2871 1260 2925 vitam

108 2952 257 3021 leguntur:
275 2951 376 3020 Βαρλ,
389 2950 444 3005 Lit.
459 2950 504 3005 Gr.
520 2969 547 3021 p.
563 2957 614 3005 292
629 2952 687 3005 not.
703 2956 745 3005 47.
775 2948 815 3003 cf.
831 2949 920 3018 Βοιὼ,
936 2950 970 3004 de
985 2949 1061 3006 Suid.
1076 2970 1103 3022 p.
1119 2957 1179 3006 410.
1217 2952 1261 3006 Ad

111 3029 332 3101 Aristophanem
350 3030 516 3099 Byzantium
536 3031 660 3100 spectare
680 3030 784 3099 primus
803 3029 875 3084 vidit
895 3030 1019 3085 Μιίκιλι
1037 3031 1050 3083 Ι
1068 3050 1095 3100 p.
1111 3037 1162 3086 197
1178 3049 1234 3099 seq.

110 3119 127 3166 3
147 3106 354 3183 βουλευόμενος
372 3115 395 3162 A
467 3116 483 3164 5
503 3105 639 3180 βεβιοιιάς
657 3114 680 3161 A

185 3181 247 3236 clv
266 3182 342 3237 Eud.
361 3201 387 3252 p.
404 3188 464 3237 116.
498 3182 537 3236 Cf.
557 3181 826 3252 Meinekelp.197
881 3177 955 3244 δὼς
971 3177 1025 3236 Ἀθ.
1041 3199 1097 3250 seq.
1113 3198 1167 3237 om.
1183 3182 1259 3236 Εκδ.

111 3262 176 3318 add.
196 3261 246 3316 καλ
265 3257 337 3316 ἄλλα
355 3259 443 3316 πολλά
463 3259 666 3332 συγγράμματα
680 3256 770 3316 αὐτοῦ
785 3256 963 3330 εὑρίσκονται
981 3257 1065 3331 λόγον
1085 3257 1167 3330 άξια,
1187 3278 1258 3330 quae

110 3344 199 3399 verba
217 3359 252 3397 ex
270 3341 464 3398 additamento
483 3343 512 3396 in
531 3342 590 3396 vita
608 3341 737 3411 Byzanssii
756 3342 869 3396 extante
887 3341 1016 3410 profecta
1034 3358 1095 3396 esse
1113 3344 1193 3410 φελολ

110 3422 282 3479 Athen.vl1
299 3441 326 3492 p.
342 3428 395 3478 284
414 3425 443 3477 et
461 3429 512 3477 287

183 3502 231 3558 CV
250 3503 326 3558 Eud.
345 3520 372 3572 p.
390 3508 449 3564 115,
478 3502 518 3556 Of.
539 3501 634 3572 Steph.
650 3501 716 3571 Byz.
731 3521 756 3557 v.
771 3498 933 3571 Μήθυμνας
952 3502 1042 3570 nauh,
1063 3502 1097 3556 de
1112 3501 1185 3556 Viol.
1200 3520 1227 3571 p.
1243 3508 1259 3554 8

108 3590 125 3639 9
141 3580 215 3650 υἱός,
229 3578 360 3653 μαθητὴς
371 3577 456 3653 Ἀλκμ,
467 3583 544 3637 Eud.
600 3589 632 3637 10
647 3578 692 3651 λη’
709 3582 780 3651 plur.
794 3581 869 3649 libri,
884 3583 958 3651 quod
972 3585 1079 3637 rectum
1095 3599 1153 3637 esse
1169 3584 1260 3637 osten·

107 3663 156 3717 dit
168 3661 273 3729 Rome,
287 3660 357 3715 Mus.
372 3662 461 3715 Rhen.
476 3660 593 3715 XXXIII
607 3681 633 3731 p.
649 3667 700 3715 201
716 3664 773 3716 not.
811 3658 858 3730 κη’
878 3667 925 3715 BE
940 3663 1073 3731 Gaisford
1092 3660 1144 3717 κδ’
1158 3663 1259 3717 Βακκα-

106 3743 170 3798 είνε
232 3747 265 3796 11
286 3739 339 3810 ἔπη
360 3743 389 3817 ,β
407 3759 553 3798 numerum
573 3742 704 3797 vitiosum
723 3758 782 3795 esse
799 3742 912 3811 putaviss
930 3743 1110 3814 Bernhardy,
1135 3743 1260 3798 effictum

107 3839 172 3878 esse
190 3822 274 3892 putat
287 3821 388 3888 Emer,
407 3821 478 3876 Mus.
492 3823 580 3877 Rhen.
596 3821 713 3876 XXXIII
728 3840 753 3890 p.
769 3827 820 3875 522
887 3829 919 3877 13
939 3816 1006 3898 ᾆσαι
1024 3823 1073 3877 καλ
1092 3824 1146 3878 del.
1165 3824 1258 3891 Βακλ),

106 3895 180 3976 ᾆσαι
199 3901 248 3956 καλ
267 3896 345 3972 ὄνομ.
364 3897 415 3956 τὸν
433 3896 478 3977 ᾇδ.
493 3902 715 3958 Hemsterhusius
781 3907 814 3955 14
834 3899 970 3973 ἔμμετρον
981 3908 1012 3955 A
1073 3909 1105 3957 15
1125 3901 1260 3971 φυλάττει

106 4000 171 4051 seq.
190 3982 230 4052 gl.
249 3981 463 4052 grammaticam
482 3983 621 4051 continet3
641 3978 776 4052 φυλάττει
795 3981 827 4037 δὲ
846 3983 895 4036 καλ
914 3977 961 4037 ἐπὶ
980 3985 1094 4053 γενικῆς
1111 3988 1134 4035 A
1154 3981 1258 4053 φυλάτ-

104 4082 191 4119 τεται
210 4059 243 4117 δὲ
262 4061 312 4116 καλ
330 4066 352 4112 V
372 4057 507 4131 φυλάττει
525 4058 557 4116 τὸ
577 4083 598 4116 ω
618 4064 667 4117 rel.
683 4080 736 4118 om.
752 4062 828 4118 Εκιλ.

185 4141 247 4197 cvl
265 4142 342 4198 Eud.
355 4160 382 4212 p.
400 4147 450 4196 109
507 4148 538 4196 17
558 4138 754 4208 συντάξεανν
773 4159 890 4211 sequens
908 4144 964 4196 τῶν
979 4148 1070 4197 om.A
1113 4138 1259 4213 ὄνομαστι·

105 4219 166 4279 κόν
183 4223 258 4294 vulp.
333 4228 366 4277 18
385 4221 433 4277 καλ
452 4224 518 4277 ουλε
537 4227 625 4294 θαυμ.
646 4224 709 4280 add.
725 4228 766 4298 A!
928 4229 933 4238 ‘

184 4302 259 4358 cvfl
278 4302 320 4359 Cf.
339 4301 421 4372 Diog.
439 4303 486 4370 IV,
502 4309 535 4358 28
550 4319 606 4371 seq.
641 4302 767 4374 Expunxi
787 4304 911 4371 glossam
930 4302 1151 4371 grammaticam.
1181 4301 1258 4356 eete-

105 4402 176 4440 rum
197 4383 233 4439 cf.
251 4401 277 4440 v.
295 4378 409 4445 Ἀκόλας
482 4402 484 4406 “

187 4463 275 4518 CVIII
308 4470 344 4519 20
359 4458 503 4534 Ἀρκτῆνος
521 4469 544 4516 A
