2880 5054
182 309 246 373 180
644 308 859 364 HESYCHIUS.

181 474 397 557 Δημοκρίτου
423 474 484 537 τοῦ
509 467 707 557 Ἀβδηρίτου
733 470 789 536 καὶ
817 472 980 556 Γοργίου,
1008 464 1163 555 μαθητὴς
1189 476 1321 558 Πρωτα-

179 575 286 664 γόρου
308 581 370 644 τοῦ
390 572 597 662 Ἀβδηρίτου.
644 578 679 644 ἐν
700 575 859 662 Ἀθήναις
880 573 1025 642 κώνειον
1047 574 1137 643 πιών
1159 571 1322 645 ἀπέθανεν

181 680 226 761 ὡς
244 687 455 770 διαφθείρων
474 681 552 761 τοὺς
571 684 678 761 νέους.
715 684 849 770 φέρεται
869 681 980 749 δὲκαὶ
1001 686 1137 767 βιβλίον
1155 686 1323 770 Προδίκου

181 789 451 877 ἐπιγραφόμενον
470 781 586 876 Ὧραι,
610 792 647 857 ἐν
671 781 697 880 ᾦ
721 795 876 875 πεποίηκε
900 787 962 856 τὸν
983 787 1147 876 Ἡρακλέα
1169 792 1210 878 τῇ
1233 787 1323 879 ἄρετη

153 896 235 962 ικαὶ
263 899 303 983 τῇ
331 901 429 986 κακίᾳ
453 897 741 983 συντυγχάνοντα,
768 895 824 961 καὶ
846 893 1014 980 καλούσης
1037 895 1195 983 ἑκατέρας
1217 896 1268 964 ἐπὶ
1288 894 1323 964 τά

181 1000 250 1088 η’θη
272 998 386 1088 αὑτῆς,
410 1010 607 1090 προσκλίναι
630 1006 669 1090 τῇ
693 1000 792 1090 ἀρετῇ
815 1002 877 1070 τὸν
891 1000 1054 1090 Ἡρακλέα
1077 1001 1134 1069 καί
1153 1002 1236 1083 τοὺς
1252 1004 1322 1072 ἐκεί-

65 1184 74 1196 ,
180 1133 242 1196 νης
273 1113 417 1198 ίδρώτας
438 1123 616 1196 προκρῖναι
639 1112 707 1176 τών
730 1113 944 1196 προσκαίρων
967 1111 1026 1194 τῆς
1047 1113 1166 1187 κακίας
1187 1105 1322 1195 ἡδονῶν.

269 1217 458 1284 DOLXXII.
491 1214 673 1301 Πρόκλος
691 1213 880 1300 Μαλλώτης
898 1217 933 1283 ἐκ
952 1221 1118 1302 Κιλικίας,
1142 1215 1321 1309 φιλόσοφος

182 1322 340 1402 Στωικός.
392 1328 536 1410 ἔγραφεν
572 1319 753 1409 ὑπόμνημα
789 1326 857 1388 τών
891 1324 1079 1409 Διογένους
1113 1322 1320 1410 σοφισμάτων

144 1465 169 1504 ιο
182 1431 237 1498 καὶ
260 1428 343 1517 πρὸς
363 1426 570 1512 Ἐπίκουρον.

269 1536 481 1604 DOLXXHL
518 1533 699 1622 Πρόκλος
727 1533 882 1622 δεύτερος
910 1535 1113 1624 Μαλλώτης,
1142 1536 1318 1625 φιλόσοφος

182 1643 237 1709 καὶ
262 1639 362 1720 αὐτὸς
386 1641 545 1721 Στωικός.

270 1750 472 1818 DOLXXIV.
514 1749 695 1834 Πρόκλος
723 1747 741 1817 δ
770 1748 960 1837 Προκληιος
986 1757 1205 1838 χρηματίσας,
1232 1760 1314 1840 esp

181 1862 314 1941 σίωνος,
329 1861 528 1937 Λαοδικείας
541 1861 599 1942 τῆς
614 1863 743 1944 Συρίας
758 1856 966 1945 ἱεροφάντης.
997 1864 1121 1947 ἔγραψε
1135 1864 1312 1945 θεολογίαν,

31 2055 38 2067 .
142 1999 167 2039 15
182 1968 228 2042 είς
254 1963 314 2031 τὸν
341 1960 419 2051 παρ’
444 1959 591 2053 Ἡσιόδῳ
620 1967 678 2050 της
705 1963 896 2051 Πανδώρας
923 1969 1053 2052 μῦθον,
1081 1970 1129 2045 είς
1155 1966 1196 2033 τά
1222 1966 1312 2054 χρυσᾶ

181 2073 257 2154 ἔπη,
290 2073 337 2148 είς
368 2067 430 2155 την
463 2068 661 2156 Νικομάχου
698 2069 884 2157 είσαγωγην
917 2070 979 2157 τὴν
1011 2069 1236 2159 ἀριθμητικὴν
1267 2069 1310 2138 καί

181 2172 266 2241 άλλα
288 2173 364 2241 τινὰ
388 2176 599 2262 γεωμετρικά.

270 2282 455 2349 DOLXXV.
501 2281 709 2369 Πρόκλος
737 2279 754 2349 δ
785 2281 926 2368 Λάκιος,
959 2282 1112 2370 μαθητὴς
1141 2284 1305 2368 Συριακοῦ,

180 2386 347 2474 άκουστης
370 2387 407 2455 δὲ
430 2388 485 2455 καί
503 2388 728 2476 Πλουτάρχου
750 2392 811 2456 τοῦ
829 2396 1020 2476 Νεστορίου
1042 2395 1104 2458 τοῦ
1127 2389 1305 2477 φιλοσόφον.

141 2497 236 2571 οοκαὶ
269 2492 369 2575 αὐτὸς
401 2495 588 2582 φιλόσοφος
619 2495 844 2575 Πλατωνικός.
895 2487 994 2575 οὗτος
1025 2498 1170 2585 προέστη
1202 2495 1305 2583 τῇςίν

178 2601 338 2690 Ἀθήναις
360 2602 552 2690 φιλοσόφου
573 2606 704 2689 σχολῆς,
727 2604 782 2669 καὶ
801 2600 907 2670 αὐτοῦ
925 2601 1080 2690 μαθητὴς
1097 2605 1154 2673 καί
1173 2606 1305 2691 διάδοχος

180 2715 367 2797 χρηματίζει
404 2717 561 2795 Μαρῖνος
597 2707 614 2776 ό
648 2715 867 2795 Νεαπολίτης.
921 2715 1044 2797 ἔγραψε
1080 2714 1173 2780 πάνυ
1206 2703 1302 2789 πολλά,

181 2815 353 2903 φιλόσοφά
379 2843 413 2884 τε
440 2817 496 2883 καὶ
524 2815 747 2905 γραμματικά,
776 2812 957 2903 ὑπόμνημα
980 2821 1028 2896 είς
1050 2815 1134 2887 ὅλον
1155 2814 1302 2902 τὸνὍμη-

182 3003 221 3056 VI
234 3021 261 3072 p.
276 3010 337 3072 361,
356 3005 405 3073 qui
419 3004 633 3074 talia‘praebet:
649 2999 799 3073 Πρόδικος,
811 3008 904 3073 Κεῖος,
920 2999 1039 3072 φυσικός
1053 3000 1217 3076 φιλόσοφος,
1230 3008 1301 3074 Apa

182 3085 278 3151 τρίτου
298 3079 449 3153 σόγχρονος
466 3085 517 3140 τοῦ
534 3079 701 3155 Ἀβδηρίτου,
726 3086 843 3155 Γοργίου
863 3084 894 3140 δὲ
910 3083 959 3138 καλ
977 3082 1170 3156 Πρωταγόρου
1188 3075 1301 3157 patiatis

181 3163 297 3238 τελευτᾷ
317 3159 436 3218 κώνειον
455 3160 528 3218 πιών
547 3159 598 3218 ὑπ’
612 3158 767 3231 Ἀθηναίων
787 3160 824 3226 ὡς
843 3159 908 3226 τοὺς
926 3160 1010 3225 νέους
1028 3166 1208 3236 διαφθείρων
1225 3156 1302 3235 (cf-Vl

181 3261 208 3312 p.
223 3246 286 3312 274)
356 3250 390 3298 22
410 3249 493 3307 Κεῖος
510 3251 533 3297 V
552 3239 567 3298 δ
588 3248 671 3306 Κεῖος
685 3245 734 3298 rel.
805 3251 817 3297 1
839 3244 889 3297 τοῦ
911 3261 964 3298 om.
979 3243 1055 3300 Eud.
1125 3252 1142 3300 3
1161 3246 1225 3302 Post
1240 3240 1302 3300 κίονί

182 3324 286 3379 Saietae
304 3325 455 3380 inculcavit
475 3326 559 3381 sehet.
579 3323 625 3381 Ar.
645 3325 718 3378 Nub.
738 3329 803 3392 360,
823 3323 899 3392 quod
918 3323 1051 3393 expunxi,
1071 3342 1125 3380 om.
1146 3327 1229 3382 etiam
1245 3318 1302 3378 ast

182 3402 222 3458 cf.
237 3403 307 3461 Mus.
322 3405 409 3460 Rhen.
423 3407 476 3462 Le.
521 3405 616 3458 Etiam
633 3405 703 3460 haee
722 3405 757 3460 de
775 3404 858 3460 Horis
876 3403 973 3458 fabula
992 3405 1101 3459 mutate
1115 3407 1302 3463 verboruma

182 3485 246 3538 dine
266 3488 342 3540 extat
360 3487 435 3556 apud
455 3486 574 3540 eundem
592 3483 772 3538 scholiastam
793 3484 885 3550 Arist,
904 3483 954 3537 sed
973 3483 1074 3538 eiicere
1091 3486 1171 3540 nolui

252 3563 402 3618 DOLXXII
421 3566 496 3620 Πκιλ.
515 3584 543 3634 p.
558 3570 623 3632 611,
643 3578 714 3631 quae
732 3565 881 3633 utrumque
899 3563 1046 3618 Mallotam
1064 3565 1199 3621 &detavit

183 3649 199 3696 8
217 3640 368 3712 Μαλλότης
385 3648 456 3715 vulp.
471 3646 547 3699 Eud.
566 3640 721 3712 Μαλλώτης
739 3662 773 3698 ex
791 3644 857 3699 Par.
872 3644 1009 3698 Kasterus
1065 3649 1099 3699 10
1117 3642 1189 3715 πρός
1204 3640 1259 3702 Ἕκα.
1274 3640 1304 3697 al·

182 3723 269 3778 terius
287 3724 421 3780 Mallotae
441 3743 500 3780 esse
519 3725 631 3779 videtur
645 3724 833 3778 Gatsctamidio

254 3803 415 3857 DCLXXIII
472 3811 500 3859 11
527 3805 576 3859 καλ
600 3802 694 3872 ἕτερος
712 3807 751 3859 Μ.
770 3804 846 3857 Eud.
930 3800 1037 3873 ἔγραψε
1061 3800 1135 3859 κατὰ
1158 3801 1307 3872 Ἐπςαοόρον

183 3887 275 3957 βιβλία
290 3882 330 3956 δ’,
348 3886 413 3955 περὶ
426 3888 561 3956 προνοίας
575 3886 668 3957 βιβλία
683 3881 711 3954 β’
728 3883 791 3937 add.
807 3883 891 3951 Eua,
910 3901 983 3952 quae
997 3884 1065 3939 olim
1079 3885 1167 3940 etiam
1180 3886 1209 3941 in
1224 3884 1308 3941 δαίδων

184 3966 389 4036 exemplaribus
408 3966 534 4022 extitisse
553 3983 608 4020 non
627 3965 759 4035 probavit
772 3964 869 4031 Πανί),
890 3962 924 4016 de
944 3963 1018 4017 Viol.
1036 3982 1063 4034 p.
1080 3969 1109 4033 83
1132 3983 1217 4021 unam
1232 3963 1309 4020 Euda

184 4048 256 4102 eiam
276 4066 388 4103 narrare
407 4051 471 4118 post
489 4048 565 4102 alios>
579 4048 710 4102 observat
730 4047 819 4100 Ρκίολι
836 4063 864 4113 p.
879 4049 913 4097 88

254 4128 416 4182 DCLXXIV
441 4135 472 4181 13
489 4130 697 4197 Θεμεσίωνοςν
713 4127 900 4196 Θεμιστίωνος
915 4124 960 4177 vel
975 4125 1138 4194 Θεμίσωνος
1152 4128 1222 4182 ceni.
1235 4128 1311 4181 Bem-

182 4208 272 4277 λιοιιλη
328 4215 361 4262 14
375 4210 525 4277 θεολογίας
539 4213 561 4259 v
609 4213 641 4261 16
656 4208 690 4262 de
701 4225 799 4262 comm.
810 4206 839 4259 in
853 4204 997 4259 Pandorae
1008 4204 1065 4260 fab.
1074 4206 1108 4262 ef.
1118 4207 1312 4264 Hesiod.·eem.

184 4289 461 4358 edettling-Flach
471 4287 566 4356 pLIX
617 4293 649 4341 16
660 4285 710 4356 τὴν
721 4282 763 4355 ἄρ.
775 4291 825 4338 AV
835 4284 884 4352 τῆς
893 4278 992 4353 άριθμ.
1006 4286 1327 4355 υιιλγ.οοττ.Βακλιαιόγ’

254 4369 404 4424 DCLXXV
426 4370 503 4422 Eud.
522 4385 548 4436 p.
564 4373 622 4421 611.
655 4368 695 4421 De
715 4364 912 4422 additamentis
933 4363 991 4418 dixi
1010 4363 1080 4421 Mus.
1099 4365 1188 4423 Rhen.
1207 4368 1226 4422 L
1245 4384 1267 4422 ο.

186 4454 217 4502 19
237 4448 285 4501 καί
304 4454 394 4503 om.V
484 4454 518 4501 20
538 4436 619 4508 οὗτος
640 4478 670 4486 -
691 4449 870 4516 Νεαπολίτης
888 4461 941 4500 om.
961 4445 1037 4503 Eua.
1132 4453 1167 4503 23
1184 4466 1215 4503 τε
1234 4448 1316 4505 onai
