2880 5054
616 331 830 389 HESYCHIUS.
1231 336 1295 400 105

147 487 249 567 αὐτὸς
272 488 473 574 θεουργικά,
504 491 686 577 τελεστικά,
715 491 812 577 λόγια
836 491 881 560 δι’
909 496 998 560 ἐπῶν
1024 496 1078 562 καὶ
1103 494 1204 582 ἀλλα,
1232 495 1294 564 ὅσα

146 599 205 682 της
225 597 381 681 τοιαύτης
404 595 581 684 ἐπιστήμης
603 598 729 684 κρύφια
752 599 962 686 τυγχάνουσι.

239 705 402 772 OGCXOI.
433 702 460 770 Ἰ
468 705 688 784 ουλιαυὸς
710 706 866 792 Δόμνου,
886 704 950 774 ἀπὸ
971 712 1173 793 Καισαρείας
1193 712 1293 796 (τῆς)
1359 782 1362 788 ,

147 814 399 896 Καππαδοκίας,
423 811 593 898 σοφιστής,
618 812 803 900 σύγχρονος
817 819 1024 881 Καλλινίκου
1046 818 1106 881 τοῦ
1128 821 1294 901 σοφιστοῦ

146 915 297 1003 γεγονῶς
321 919 372 984 ἐπὶ
397 924 661 987 Κωνσταντίνου
683 923 743 987 τοῦ
766 921 939 1004 βασιλέως.Ι
1308 951 1320 988 5

238 1026 418 1094 CCCXCII.
462 1024 721 1105 Ἰουλιανὸς
748 1023 766 1094 δ
795 1026 987 1113 παραβάτης
1013 1029 1068 1095 καί
1098 1026 1294 1115 ἀποστάτης,

139 1128 315 1219 Ῥωμαίων
352 1131 524 1216 βασιλεῦς,
561 1139 823 1202 Κωνσταντίνου
858 1137 1021 1219 βασιλέως
1057 1139 1117 1203 τοῦ
1149 1139 1295 1224 μεγάλου

145 1237 286 1320 ἀνεψιὸς
314 1237 379 1308 ἀπὸ
409 1239 592 1326 Δαλμάτου
620 1238 769 1328 ἀδελφοῦ
798 1239 902 1309 αῦτοῦ
929 1243 984 1309 καὶ
1012 1241 1135 1330 μητρὸς
1165 1244 1296 1323 Γάλλας

146 1343 334 1433 [τοῦνομα]
381 1351 504 1433 ἐγραψε
526 1346 605 1426 τοῦς
627 1348 854 1434 καλουμένους
877 1354 1049 1434 Καίσαρας
1073 1349 1228 1437 (περιέχει
1258 1350 1295 1418 δέ

144 1449 224 1531 τοῦς
247 1447 313 1518 ἀπὸ
333 1449 534 1538 Αὐγούστου
553 1450 724 1540 Ῥωμαίων
743 1455 914 1543 βασιλεῖς),
939 1456 1054 1542 ἑτέραν
1077 1461 1197 1542 βίβλον
1218 1457 1293 1543 περὶ
1308 1484 1334 1522 10
1421 1518 1424 1522 .

113 1602 117 1609 ›
142 1563 214 1626 τῶν
245 1564 349 1644 τριῶν
380 1558 572 1646 σχημάτων,
604 1561 658 1626 καὶ
686 1559 726 1628 τά
755 1561 945 1647 καλούμενα
974 1561 1120 1649 Κρόνια,
1152 1563 1207 1630 καὶ
1234 1561 1294 1630 τόν
1348 1586 1351 1591 ’

144 1664 388 1750 Μισοπῶγωυα
416 1662 436 1753 η’
469 1663 692 1754 Ἀυτιοχικόν,
725 1669 798 1755 περὶ
831 1672 891 1736 τοῦ
919 1667 1027 1736 πόθεν
1055 1667 1095 1735 τά
1123 1667 1206 1736 κακά
1238 1671 1294 1737 καὶ

143 1769 230 1859 πρὸς
247 1770 325 1851 τοῦς
344 1770 577 1858 ἀπαιδεύτους,
596 1774 680 1862 πρὸς
697 1772 758 1843 τὸν
777 1775 864 1842 κύνα
883 1772 1088 1862 Ἡράκλειον,
1111 1780 1179 1856 πῶς
1202 1804 1293 1843 κυνι-

144 1881 261 1963 στέον,
286 1879 460 1959 ἐπιστολάς
483 1881 697 1961 παντοδαπάς
719 1883 774 1949 καλ
794 1881 885 1949 ἀλλα.

236 1986 433 2070 COOXGHI.
474 1985 517 2071 [Ἰ
521 2003 704 2068 ουστίνος
721 1987 909 2074 φιλόσοφος
927 1988 981 2054 καὶ
1000 1993 1046 2079 τῷ
1066 1989 1206 2076 σχήματι
1225 1993 1292 2056 τῶν
1309 2017 1333 2056 15

142 2091 346 2178 φιλοσόφων
381 2092 566 2180 χριόμενος,
603 2092 667 2161 ἀπὸ
702 2099 760 2180 τῆς
795 2097 1014 2162 Νεαπολιτῶυ
1048 2097 1203 2182 ἐπαρχίας
1237 2099 1294 2182 τῆς

142 2205 390 2286 Παλαιστίνης,
417 2202 451 2267 ἐκ
474 2199 599 2290 πατρὸς
622 2208 775 2288 Πρίσκου
797 2205 858 2269 τοῦ
882 2206 1054 2287 Βακχείου.
1092 2192 1190 2281 οὗτος
1210 2199 1293 2289 ὑπὲρ

141 2308 202 2391 τῆς
233 2311 417 2394 θρησκείας
448 2309 517 2373 τῶν
549 2311 750 2394 χριστιανῶυ
783 2307 872 2374 πάνυ
903 2309 1094 2392 ἐκοπίασεν,
1128 2305 1212 2374 ῶστε
1238 2309 1293 2375 καὶ

143 2411 334 2503 Ἀντωνίνῳ
367 2417 411 2503 τῶ
445 2417 581 2501 ἐπίκλην
615 2420 688 2505 Πίῳ
722 2416 776 2482 καὶ
808 2429 878 2495 τοῖς
906 2413 1028 2482 τούτου
1056 2416 1143 2481 υίέσι
1171 2416 1225 2482 καί
1254 2420 1293 2503 τῇ

142 2518 319 2609 συγκλήτῳ
347 2516 519 2605 Ῥωμαίων
557 2513 677 2607 βίβλου
710 2520 791 2588 κατά
823 2525 891 2589 τῶν
925 2524 1038 2589 ἐθνῶν
1071 2535 1294 2607 συνταγείσαν
1308 2553 1334 2592 ιο

142 2630 338 2711 ἐπιδοῦναι,
370 2626 431 2695 τὸν
465 2624 660 2714 ὀνειδισμὸν
692 2631 752 2695 τοῦ
785 2633 932 2715 σταυροῦ
965 2627 1009 2715 μὴ
1043 2627 1294 2715 αἰσχυνόμενος.
1352 2646 1357 2656 ’

143 2742 270 2822 ἐγραψε
298 2733 354 2800 καὶ
386 2726 501 2820 ἑτέραν
525 2740 659 2820 βίβλον,
689 2730 733 2820 ἣν
756 2735 810 2800 καλ
835 2736 977 2802 ἐπέδωκε
1000 2748 1070 2812 τοῖς
1090 2732 1294 2802 Ἀντωυίνου

145 2841 335 2928 διαδόχοις,
372 2841 521 2908 τουτέστι
554 2840 684 2931 Μάρκῳ
715 2838 902 2931 Ἀντωνίνῳ
934 2840 989 2908 καὶ
1018 2847 1151 2932 Λουκίῳ
1180 2838 1297 2930 Λύρη-γ

141 2955 204 3038 λίῳ
225 2945 382 3037 Κομόδῳ.
428 2950 496 3013 ἐστι
523 2948 578 3014 καὶ
606 2945 689 3033 άλλη
713 2946 817 3016 αὐτοῦ
836 2954 952 3034 βίβλος
970 2946 1053 3015 κατά
1080 2953 1147 3016 τῶν
1167 2951 1292 3035 ἐθνῶν,

142 3058 180 3123 ἐν
204 3045 225 3143 ᾖ
245 3055 320 3140 περὶ
340 3057 397 3139 τῆς
416 3055 549 3138 φύσεως
567 3059 635 3122 τῶν
655 3054 827 3140 δαιμόνων
848 3057 1043 3141 διαλέγεται.
1079 3056 1134 3122 καὶ
1154 3054 1289 3142 τετάρτη
1305 3088 1331 3127 25

140 3167 260 3248 βίβλος
280 3157 404 3247 ὁμοίως
428 3159 511 3227 κατὰ
536 3165 604 3228 τῶν
628 3163 755 3245 ἐθνῶν,
779 3158 822 3248 ἣν
842 3164 1026 3249 ἐπέγραψεν
1051 3167 1191 3247 ἐλεγχος.
1237 3161 1292 3227 καί

141 3267 227 3354 άλλη
251 3268 407 3355 περὶτῆς
433 3272 494 3335 τοῦ
522 3271 606 3335 θεοῦ
635 3275 824 3355 μοναρχίας.
865 3270 920 3335 καὶ
944 3267 1049 3355 ἀλλην
1073 3264 1116 3354 ἣν
1140 3267 1292 3354 ὠνόμασε

139 3373 291 3460 ψάλτην,
313 3375 368 3441 καὶ
392 3375 508 3461 ἑτέραν
530 3376 605 3460 περὶ
628 3379 751 3461 ψυχῆς,
776 3373 937 3461 διάλογόυ
963 3401 997 3442 τε
1020 3372 1103 3440 κατά
1126 3378 1193 3441 τῶν
1210 3371 1290 3441 Ἰου-

141 3487 263 3567 δαίων,
275 3477 316 3549 δυ
326 3484 496 3569 ἐσχεδίασε
506 3481 588 3550 κατὰ
603 3482 786 3569 Τρύφωνος
797 3481 945 3569 ἀρχηγοῦ
954 3485 1022 3549 τῶν
1032 3483 1069 3548 ἐν
1077 3478 1203 3572 Ἐφέσῳ
1212 3477 1291 3547 Ἰου·

141 3595 260 3659 δαίων.
280 3586 321 3658 οῦ
335 3586 402 3676 μὴν
417 3586 500 3658 ἀλλά
515 3590 570 3657 καὶ
582 3588 663 3656 κατὰ
675 3594 879 3677 Μαρκίωνος
894 3590 1035 3675 ἐπίσημα
1045 3586 1143 3673 τεύχη
1155 3589 1291 3669 ἐξέδωκε
1305 3622 1332 3661 εο

216 3836 345 3892 CCCXCI
370 3837 410 3892 cf.
432 3839 538 3908 Eunap.
562 3838 589 3890 Il
611 3857 638 3907 p.
658 3843 709 3892 250
724 3855 780 3906 seq.
800 3838 887 3892 Boiss.
997 3843 1012 3890 3
1036 3837 1086 3905 τῆς
1103 3837 1208 3890 inserui
1227 3854 1291 3890 cum

147 3920 288 3974 Westerm.
313 3935 366 3973 om.
389 3917 456 3972 libri
546 3924 562 3971 4
585 3919 754 3972 Καλλινίκου
777 3935 834 3986 seq.
858 3935 892 3972 ex
914 3922 1016 3971 Am
1040 3919 1174 3985 Gaisford
1191 3922 1291 3971 Καλλι-

140 4001 213 4071 νίκῳ
233 4016 292 4068 seq.
311 3999 383 4066 υαλγ.
854 4050 856 4053 .

216 4077 357 4134 cccxcll
373 4084 404 4132 11
420 4075 568 4148 σχημάτων
583 4083 702 4150 suspect.
712 4080 895 4149 Βακλαικιίγο
910 4079 1070 4148 cognomini
1083 4079 1207 4134 vindicat
1221 4080 1291 4134 Gut-

140 4160 247 4215 εολικτὶδ
301 4152 461 4228 ΚρίνειαΕ
518 4165 550 4213 12
570 4159 619 4212 καὶ
634 4165 681 4212 ΔΕ
700 4158 749 4213 καὶ
767 4155 873 4227 πρόςν
892 4156 964 4214 κατὰ
979 4161 1049 4228 νκλμ.
1108 4165 1140 4212 13
1160 4158 1208 4212 καλ
1227 4163 1292 4228 post

141 4234 338 4300 ἀπαιδεύτους
351 4239 414 4292 add.
425 4243 456 4305 V,
471 4239 545 4307 quod
560 4236 649 4300 κύνας
663 4238 819 4308 significare
835 4256 891 4292 non
905 4239 1037 4307 probavit
1047 4238 1222 4310 Bernhardy,
1243 4236 1291 4293 κύ-

142 4338 195 4380 νας
213 4316 334 4371 inseruit
350 4317 455 4372 Βελίαν
520 4324 551 4372 13
568 4313 731 4386 Ἡράκλειον
751 4335 818 4372 corr.
837 4318 1004 4388 Bernhardy
1019 4314 1199 4386 Ἡράκλειτον
1218 4321 1290 4389 υκλγ.

216 4395 373 4453 cccxclss
397 4414 451 4452 om.
467 4397 617 4465 Westerm.,
641 4415 708 4450 num
726 4397 860 4466 Hesychii
883 4396 934 4467 sit,
957 4398 1109 4453 incertum.
1182 4406 1214 4454 17
1234 4417 1290 4469 seq.

145 4495 180 4534 ex
198 4477 508 4549 Πάναιμα-θυρῶνα.
529 4495 552 4534 ο.
572 4485 605 4534 23
625 4477 778 4550 compilata
796 4494 855 4534 esse
873 4477 1004 4533 videntur
