2910 5056
621 298 834 353 HESYGHIUS.
1233 297 1296 360 217

151 460 346 548 φιλοσόφου
379 462 415 527 ἐν
446 464 590 545 βιβλίοις
617 458 662 544 γ’,
695 455 857 526 ὑπατικὸν
885 457 1118 544 καταλογάδην
1146 462 1193 537 είς
1217 457 1299 526 ’Iov-

151 565 326 636 στινιανδν
346 563 587 653 αὐτοκράτορα,
606 563 781 651 βασιλικὸν
806 569 853 644 είς
875 562 935 632 τὸν
954 562 1069 651 αὐτόν,
1088 565 1162 652 περὶ
1181 569 1297 652 μηνῶν

151 675 337 762 ἐναλλαγης
361 678 488 754 ε’πικῶς.

239 783 395 874 DCC-GV.
435 778 609 867 Τρυῳιό
621 784 641 845 δ
652 806 708 868 ωρ
722 806 767 859 ος
789 779 972 866 Αἰγύπτιος
997 778 1221 866 γραμματικὸς
1243 780 1298 847 καὶ

148 887 286 975 ποιητὴς
309 891 406 956 έπῶν.
434 893 557 976 ἔγραψε
576 885 851 973 Μαραθωνιακά,
868 883 969 954 Ἰλίου
990 884 1130 974 άλωσιν,
1153 884 1193 953 τὰ
1215 883 1324 954 καθ’5

148 992 395 1082 Ἱπποδάμειαν,
411 992 606 1062 Ὀδύσσειαν
626 992 917 1082 λειπογράμματον
936 994 1020 1081 (ἔστι
1035 994 1073 1062 δὲ
1090 998 1216 1080 ποίημα
1230 997 1298 1062 τῶν
1342 1021 1347 1031 ’

148 1100 332 1184 Ὀδυσσέως
346 1102 503 1190 καμάτων
519 1102 576 1169 καὶ
593 1100 656 1170 ὅσα
669 1105 903 1188 μυθολογοῦσι
918 1101 992 1189 περὶ
1008 1099 1127 1191 αὐτοῦ)
1137 1101 1192 1168 καλ
1207 1099 1298 1168 ἀλλα.

239 1211 409 1281 DOCCVI.
459 1209 743 1299 Τρνφιόδωρος
779 1207 927 1297 διάφορα
963 1213 1085 1296 ἔγραψε
1118 1205 1162 1275 δι’
1199 1211 1298 1293 ἐπῶν,

153 1316 372 1406 παράφρασιν
395 1322 462 1387 τῶν
480 1315 626 1404 Ὁμήρου
648 1321 851 1404 παραβολῶν
873 1317 928 1384 καὶ
952 1314 1036 1383 άλλα
1058 1323 1204 1384 πλεῖστα.

239 1426 425 1494 DOOOVII.
471 1424 639 1512 Τρύφων
667 1422 857 1511 Ἀμμωνίου
882 1421 1118 1519 Ἀλεξανδρεὺς
1150 1450 1296 1511 γραμμα-
1314 1442 1340 1481 10

148 1529 238 1611 τικδς
262 1531 333 1622 {uui
355 1530 524 1622 ποιητήςΙ,
554 1530 701 1617 γεγονῶς
724 1529 806 1599 κατὰ
831 1528 909 1610 τοὺς
933 1528 1135 1616 Αὐγούστου
1157 1529 1300 1617 χρόνους

153 1639 208 1705 καὶ
231 1638 406 1727 πρότερον.
440 1639 515 1727 περὶ
538 1640 752 1725 πλεονασμοῦ
775 1641 835 1705 τοῦ
859 1639 895 1705 έν
918 1641 958 1724 τῇ
982 1640 1117 1705 Αἰολίδι
1141 1639 1300 1728 διαλέκτῳ

148 1749 263 1831 βιβλία
291 1748 329 1830 ζ’,
360 1746 435 1832 περὶ
465 1748 534 1812 τῶν
564 1742 642 1830 παρ’
667 1741 797 1836 Ὁμήρῳ
827 1744 1009 1812 διαλέκτων
1038 1745 1093 1811 καὶ
1122 1749 1299 1832 Σιμωνίδη

148 1852 203 1918 καὶ
227 1850 391 1944 Πινδάρῳ
415 1853 470 1920 καὶ
487 1851 644 1940 Ἀλκμᾶνι
667 1852 724 1919 καὶ
744 1865 816 1930 τοῖς
834 1850 948 1930 άλλοις
966 1859 1125 1938 λυρικοίς,
1148 1852 1300 1939 περὶτῆς

144 1955 317 2045 Ἑλλήνων
341 1962 516 2028 διαλέκτου
539 1960 593 2027 καὶ
615 1957 772 2045 Ἀργείων
795 1959 850 2026 καὶ
869 1956 1044 2046 Ἱμεραίων
1066 1958 1121 2025 καὶ
1136 1956 1299 2045 Ῥηγίνων
1314 1975 1339 2016 15

148 2066 202 2133 καὶ
229 2067 391 2155 Δωριέων
419 2069 475 2136 καὶ
499 2071 761 2155 Συρακουσίων,
789 2066 864 2153 περὶ
891 2069 950 2152 της
980 2065 1016 2132 ἐν
1043 2063 1237 2133 κλίσεσιν’
1220 2091 1299 2132 ανα-

149 2174 330 2259 λογίας’
297 2203 318 2242 α
333 2176 452 2305 ,περὶ
484 2178 542 2262 της
575 2176 610 2242 έν
643 2170 760 2264 εὐδείηι
790 2169 986 2258 ἀναλογίας,
1017 2169 1137 2260 πατρί’
1122 2171 1298 2259 ονομάτων

149 2268 373 2367 συγκριτικῶν
396 2282 430 2349 α’
434 2281 546 2368 ,περὶ
569 2285 628 2368 της
650 2283 687 2348 ἐν
711 2278 977 2378 μονοσνλλάβοις
999 2276 1194 2366 ἀναλογίας,
1224 2280 1299 2368 περὶ

151 2384 330 2474 ὀνομάτων
358 2388 576 2477 χαρακτήρων
602 2386 637 2455 α’
640 2388 794 2476 ,περὶ
775 2386 932 2475 ρημάτων
955 2383 1137 2472 ἀναλογίας
1159 2386 1299 2473 βαρυτό-

148 2521 221 2561 νων
240 2521 261 2560 α
279 2545 287 2578 ,
267 2492 381 2582 ’περὶ
401 2494 557 2583 ῥημάτων
578 2439 769 2581 έγκλιτικῶν
789 2493 844 2561 καὶ
863 2492 1111 2581 ἀπαρεμφάτων
1125 2493 1180 2560 καὶ
1194 2512 1296 2579 προσ·
1311 2512 1338 2551 2⁰

148 2604 311 2669 τακτικῶν
334 2602 390 2669 καὶ
414 2601 574 2670 εὐκτικῶν
598 2604 652 2670 καί
676 2599 787 2680 ἁπλῶς
805 2599 952 2687 πάντων,
970 2602 1047 2688 περὶ
1066 2599 1298 2686 ὀρθογραφίας

147 2706 203 2773 καὶ
230 2710 298 2775 τῶν
327 2708 364 2775 έν
392 2705 475 2796 αὐτῇ
506 2710 731 2796 ζητουμένων,
759 2709 834 2797 περὶ
863 2708 1063 2795 πνευμάτων
1085 2709 1141 2778 καὶ
1163 2705 1296 2797 τρόπων

147 2814 203 2881 καὶ
228 2812 322 2882 ἀλλα.

175 3066 177 3070 ,
219 3020 337 3075 Doccv
360 3023 401 3077 Cf.
424 3020 540 3092 Νέστωρ
562 3018 735 3091 Λαρανδείς.
772 3021 841 3076 Post
859 3024 991 3078 Nonnum
1011 3023 1210 3094 Panopolitam
1234 3039 1298 3079 oum

148 3099 251 3156 vixisse
271 3102 389 3157 constat.
410 3103 450 3159 Of.
464 3103 595 3171 Differor,
610 3104 661 3173 Ep.
676 3104 708 3157 fr.
724 3103 750 3155 II
764 3122 791 3172 p.
807 3108 859 3157 114
914 3110 930 3158 5
946 3100 1064 3160 Ἰουλίου
1075 3111 1098 3158 V
1116 3107 1170 3162 hoc
1185 3124 1298 3162 carmen

149 3186 199 3235 821
215 3181 342 3236 versibus
361 3184 502 3239 servatum
521 3185 599 3239 extat
653 3190 669 3238 6
689 3183 723 3236 de
742 3199 775 3237 eo
790 3183 824 3237 cf.
839 3183 968 3238 Eustath.
982 3184 1108 3241 Prooem.
1123 3203 1151 3254 p.
1169 3191 1248 3254 1379,
1263 3190 1298 3239 54

219 3258 352 3316 DCOOVI
366 3263 401 3317 ab
416 3263 595 3318 antecedenti
608 3281 664 3319 non
679 3263 805 3318 diversus
820 3279 880 3317 esse
893 3262 1005 3317 videtur
1062 3270 1094 3317 10
1108 3263 1296 3337 nsprpoicivv
1383 3322 1388 3331 ,

220 3340 367 3397 DCCCVII
386 3344 427 3398 of.
439 3339 598 3414 Δημήτριος
613 3339 657 3409 Ἰξ.
676 3343 846 3413 Fragmenta
860 3342 922 3396 coll.
937 3342 983 3398 Ar.
991 3341 1102 3411 Velsen,
1117 3343 1295 3398 Berol.1853.

150 3419 191 3476 Dc
210 3421 305 3475 aetate
324 3439 380 3490 qua
397 3422 500 3477 vixerit
517 3423 664 3491 (Demetrii
678 3422 781 3477 Ixionis
800 3421 874 3476 enim
893 3423 1040 3490 aequalem
1059 3422 1144 3477 fuisse
1166 3423 1296 3493 constat),

148 3500 182 3557 cf.
197 3499 310 3568 Rohde,
328 3502 400 3556 Mus.
414 3503 502 3557 Rhen.
518 3503 636 3556 XXXIII
651 3522 679 3574 p.
696 3510 747 3559 168
763 3503 820 3557 not.
836 3509 860 3557 6.
886 3502 926 3558 cf.
947 3503 1032 3558 eriam
1050 3503 1146 3571 Daub,
1164 3505 1199 3559 de
1219 3504 1295 3561 Suid.

148 3599 176 3650 p.
191 3585 244 3635 458
263 3581 323 3635 not,
336 3585 369 3634 48
389 3583 419 3636 et
438 3582 516 3637 stud.
534 3601 562 3653 p.
579 3589 630 3637 122
722 3590 752 3638 11
773 3583 868 3638 Verba
886 3582 935 3638 aut
953 3580 1070 3653 ποιητὴς
1092 3585 1138 3639 hic
1158 3585 1297 3640 sententia

149 3660 262 3730 privata
281 3664 356 3730 sunt;
378 3661 453 3729 quod
472 3661 590 3718 sirecte
609 3664 742 3734 suspIcor,
763 3681 831 3720 corr.
851 3664 900 3718 καλ
919 3659 1006 3727 αὐτὸς
1023 3662 1143 3736 ποιητὴς
1161 3668 1190 3722 ct
1207 3666 1238 3720 in
1257 3667 1296 3720 al·

147 3743 238 3796 teram
258 3740 447 3810 Tryphiodori
465 3743 553 3797 vitam
568 3743 689 3812 inseras,
707 3746 738 3800 in
756 3763 812 3815 qua
829 3744 888 3800 talo
908 3745 975 3814 quid
994 3745 1181 3815 desideratum
1199 3765 1296 3802 verum

148 3820 220 3876 vidit
239 3818 327 3874 ctiam
345 3821 524 3893 Bernhardy,
548 3821 621 3878 κατά
644 3821 709 3888 τοὺς
728 3826 884 3880 Θεοδοσίου
902 3820 1065 3895 Αυγοάστου
1087 3848 1128 3897 γρ.
1147 3826 1297 3883 infeliciter

149 3901 296 3957 Bararus
370 3907 402 3955 14
421 3901 470 3955 aui
488 3898 622 3976 Πινδάρῳ
641 3921 694 3960 om.
709 3912 730 3957 Ε
796 3911 829 3960 15
847 3906 899 3960 hos
918 3907 1018 3962 titulos
1036 3909 1216 3977 perturbatos
1235 3924 1295 3963 esse
1349 3942 1361 3961 a

148 3980 220 4036 vidit
238 3972 417 4052 Beiahurdp3
442 3999 506 4053 spec
507 3984 570 4039 tant
589 3985 663 4040 enim
677 3980 825 4055 Ιμεραίων
842 3986 892 4041 καὶ
910 3983 1043 4056 Ρηγίνων
1061 3990 1133 4043 διαλ
1153 3989 1189 4043 ad
1208 3988 1295 4042 libros

148 4060 181 4116 dc
200 4061 359 4118 stesichoro
375 4065 404 4117 et
417 4063 514 4133 Ibyco,
533 4082 624 4135 neque
638 4067 806 4136 Argivorum
825 4068 854 4121 ct
869 4066 1104 4136 Syracusanorum
1118 4067 1293 4123 dialectusa

148 4142 277 4197 Doriensi
299 4143 512 4213 distinguendae
532 4148 623 4212 crant;
648 4147 697 4200 uui
715 4152 789 4216 Δωρ.
809 4149 874 4202 ante
897 4168 922 4202 κ.
944 4143 1009 4217 'App
1031 4147 1204 4216 transposuit
1224 4147 1294 4201 Gut-

149 4223 258 4278 numid
296 4223 425 4278 Ceterum
444 4225 478 4280 dc
497 4225 560 4280 aliis
575 4226 620 4280 Tr.
635 4228 747 4296 scriptis
760 4247 787 4282 v
807 4227 1054 4296 Athen.11p.53,
1075 4228 1158 4297 IVp.
1176 4234 1227 4283 174
1245 4229 1293 4296 (ad

150 4296 245 4370 περλ’
229 4304 392 4376 ονομαοιῶν
411 4305 445 4359 cf
465 4306 576 4374 Rohde,
596 4306 631 4360 de
649 4306 756 4362 Polluc.
775 4327 803 4378 p.
819 4314 853 4362 14
871 4310 959 4363 noti
945 4311 984 4376 2)
1004 4269 1100 4377 VIip.
1116 4314 1168 4361 324
1174 4307 1293 4377 ‚Apoll

152 4380 184 4434 de
203 4382 265 4438 adv.
284 4400 311 4451 p.
326 4387 378 4438 548
398 4384 434 4437 al.
507 4392 542 4440 20
561 4348 595 4439 δε
614 4385 657 4440 his
676 4387 795 4442 librisv.
805 4389 910 4458 Lange,
929 4386 1001 4442 Phil.
1016 4388 1106 4457 Vle.
1120 4393 1171 4442 211
1182 4405 1239 4457 seq

151 4465 183 4513 21
202 4456 425 4517 ἀποτελεστικῶν
443 4482 494 4533 pro
514 4462 578 4520 άπλ.
597 4463 711 4522 πάντων
727 4469 823 4540 Lampe
