2910 5056
147 283 238 338 XXVI
580 279 863 336 PROLEGOMENA.

149 444 186 512 dl
213 442 416 531 μνημονεύει
441 482 476 492 -
500 445 574 510 exit.
604 467 623 508 a
646 441 745 509 Snida
769 442 832 530 (vel
856 442 991 532 lectore)
1016 467 1053 509 ex
1078 444 1197 508 Athen.
1216 443 1296 508 XIV

148 577 180 639 p.
194 555 259 619 622
285 553 472 639 compilata,
499 576 529 618 v.
544 548 744 635 Σιλβανός
764 551 865 616 habet
884 552 1026 636 glossam
1047 550 1173 636 Suidae,
1198 574 1294 635 quam

148 663 219 746 ipse
242 685 280 727 ex
304 661 347 747 gl.
367 656 559 737 ἐπιπόλαιος
582 659 725 745 iteravit3
753 682 783 722 v.
805 659 1039 741 Φωκυλίδης
1063 656 1133 723 add.
1152 659 1254 724 verba
1278 683 1297 724 a

147 767 326 854 Byzantino
346 767 455 852 aliquo
475 767 586 852 inepto
606 765 771 850 adscripta
789 763 1000 851 παραινέσεις
1018 801 1053 810 -
1071 763 1296 849 κεκλεμμένοι.

235 877 344 959 Atque
368 874 452 938 hanc
476 895 544 938 rem
563 871 694 937 Unters.
708 895 737 956 p.
754 873 794 936 76
807 894 872 956 seq.
887 877 919 936 et
941 873 1002 938 153
1022 896 1088 958 seq.
1103 873 1150 938 sic
1168 874 1295 938 intelle-

148 984 287 1070 gendam
315 982 417 1066 volui,
448 984 484 1045 ut
512 980 670 1044 eiusmodi
700 979 829 1044 articuli
859 980 980 1064 partim
1008 1003 1027 1044 a
1054 980 1232 1046 lectoribus
1257 1004 1295 1047 ex

151 1088 268 1154 Suidae
300 1089 402 1153 lexico
435 1088 468 1151 in
502 1088 647 1173 margine
680 1086 886 1171 transscripti
917 1087 1076 1171 paulatim
1109 1089 1144 1153 in
1169 1092 1295 1154 textum

102 1248 106 1255 ,
149 1196 286 1262 Violarii
310 1195 545 1279 immigrarint,
570 1193 656 1279 quod
679 1194 857 1259 innumeris
882 1195 1061 1277 probatum
1089 1217 1160 1260 esse
1189 1218 1296 1261 exem-

148 1305 212 1389 plis
236 1303 315 1368 satis
339 1307 490 1387 apertum
517 1305 578 1381 est,
607 1301 727 1385 partim
752 1302 793 1366 ab
822 1323 859 1366 eo
885 1302 1014 1386 adiecti,
1038 1303 1093 1387 qui
1112 1301 1295 1368 Violarium

151 1412 239 1496 typis
268 1412 447 1495 exprimere
470 1405 614 1495 voluit1)
661 1407 782 1474 Nostro
812 1409 898 1472 enim
921 1408 1060 1474 Violarii
1088 1408 1197 1473 codice
1223 1431 1296 1474 cum

149 1519 307 1583 nonnulla
339 1518 492 1601 legantur
523 1516 557 1580 in
591 1516 752 1601 margine,
785 1537 866 1600 quae
900 1517 1003 1581 serius
1031 1517 1195 1601 adscripta
1225 1539 1296 1583 esse

149 1630 250 1710 patet,
272 1626 334 1690 hoc
356 1627 389 1688 et
408 1627 504 1688 antea
523 1624 650 1707 saepius
669 1622 791 1687 factum
812 1645 881 1688 esse
900 1623 967 1687 veri
988 1623 1094 1688 simile
1113 1629 1172 1689 est
1201 1624 1296 1701 Quod

149 1735 177 1796 si
214 1731 372 1797 eiusmodi
410 1731 630 1796 additamenta
667 1752 827 1814 removes,
858 1731 1000 1814 reliquas
1033 1730 1171 1796 Violarii
1208 1726 1295 1797 titas

149 1863 187 1904 ex
207 1840 349 1924 epitome
368 1839 498 1903 fluxisse
514 1838 638 1923 opinor.
664 1837 756 1914 Quod
772 1840 808 1901 ut
822 1838 968 1922 probem,
984 1837 1022 1902 de
1037 1837 1138 1922 ipsius
1153 1836 1296 1903 Violarii

149 1951 256 2010 textus
275 1946 384 2011 indole
404 1968 441 2010 ao
460 1945 646 2010 condicione
664 1967 767 2028 pauca
785 1945 1027 2029 praemonenda
1044 1945 1196 2009 videntur
1216 1967 1296 2010 esse.

235 2052 277 2117 II.
322 2053 411 2117 Inter
443 2049 559 2118 Suidae
597 2052 698 2116 libros
740 2051 982 2136 manuscriptos
1018 2052 1112 2117 nohis
1147 2056 1296 2118 servatos

147 2160 350 2246 praestantia
380 2160 500 2223 eminet
526 2160 617 2222 A=
636 2159 708 2224 Par.
729 2159 817 2222 2625
847 2161 879 2222 et
906 2156 1039 2242 26262),
1068 2180 1206 2244 quorum
1240 2162 1296 2226 illc

146 2267 363 2351 bombycinus
392 2269 455 2350 est,
484 2266 538 2329 fol.
558 2264 624 2330 305
652 2269 820 2348 constans,
847 2265 938 2329 cuius
966 2265 1109 2329 maxima
1138 2288 1215 2350 pars
1246 2269 1296 2334 de·

148 2374 269 2458 scripta
302 2375 352 2438 est
382 2362 517 2437 exeunte
551 2373 679 2438 saeculo
712 2371 776 2435 XII
808 2372 859 2435 vel
888 2371 1019 2436 ineunte
1051 2371 1145 2455 XIII,
1178 2372 1297 2440 folium

147 2483 288 2565 primum
321 2484 355 2544 et
386 2479 442 2544 fol.
471 2480 537 2544 260
552 2516 591 2526 -
608 2479 673 2543 305
710 2479 889 2562 posteriore
921 2481 1068 2562 tempore
1105 2501 1188 2546 saec.
1216 2482 1296 2548 XIV

148 2590 200 2655 vel
223 2586 283 2652 XV
307 2589 341 2651 in
365 2587 478 2651 charta
498 2586 627 2670 scripta,
649 2587 705 2650 sed
725 2608 763 2651 ex
783 2586 907 2670 optimo
927 2587 1103 2671 exemplari
1122 2587 1299 2674 descripta,

147 2696 236 2760 cirins
274 2694 353 2780 folia
390 2694 539 2759 obsoleta
570 2693 622 2757 vel
658 2693 878 2758 intractabilia
914 2695 1002 2758 iacta
1034 2715 1104 2758 esse
1139 2697 1298 2780 suspicor.

147 2802 293 2866 Primum
318 2801 456 2867 contulit
479 2799 648 2884 Kusterus,
671 2803 746 2883 post
770 2822 842 2864 eum
866 2800 970 2864 multo
995 2803 1177 2866 accuratius
1202 2803 1297 2869 Gais-

149 2908 270 2972 t'ordus.
315 2906 390 2991 Ipse
409 2907 481 2971 Par.
501 2906 601 2989 2625,
625 2907 680 2990 qui
700 2907 925 2992 neglegentius
950 2928 1103 2972 excussus
1128 2914 1208 2993 erat,
1232 2911 1296 2976 Tu·

149 3016 282 3100 bingam
306 3014 441 3078 Parisiis
470 3013 603 3078 missam
634 3013 884 3099 diligentissime
910 3001 1084 3079 retractavi
1108 3017 1298 3102 multasque

146 3122 311 3205 lectiones,
330 3143 411 3205 quae
431 3121 529 3184 etiam
544 3119 752 3184 Gaisfordum
771 3121 932 3205 fugerant,
951 3122 985 3185 in
1004 3125 1164 3206 apparatu
1182 3124 1298 3202 adieci,

147 3229 298 3313 inprimis
326 3227 375 3294 lit.
391 3231 422 3291 E
440 3263 474 3273 —
493 3231 530 3291 Θ.
575 3227 627 3291 Ad
655 3227 723 3292 cod.
741 3227 772 3291 A
795 3228 976 3292 bonitatem
998 3228 1144 3312 proxime
1168 3232 1299 3296 accedit

219 3471 244 3534 1)
268 3467 308 3521 Ut
329 3483 413 3520 unam
436 3481 496 3518 rem
518 3465 641 3519 breviter
663 3468 791 3535 tangam,
815 3466 877 3535 quis
897 3467 939 3521 est
957 3467 1131 3537 criticorum,
1156 3469 1204 3538 qui
1224 3470 1298 3528 duos

147 3546 280 3602 articulos
299 3545 418 3601 Violarii
436 3565 463 3615 p.
479 3550 530 3599 585
546 3561 602 3614 seq.
623 3546 657 3600 de
675 3545 781 3615 Pylade
800 3546 934 3601 saltatore
954 3550 983 3601 et
1002 3546 1136 3604 Clearcho
1156 3567 1190 3603 ex
1209 3552 1299 3608 Athe-

148 3643 220 3681 naeo
239 3626 360 3682 intrusos
378 3629 579 3695 auctorumque
599 3626 698 3681 seriem
716 3643 915 3696 usquequaque
935 3631 1074 3683 servatam
1094 3629 1298 3701 intempestive

147 3708 382 3778 interrumpentes
401 3709 430 3762 et
448 3723 465 3760 a
484 3706 601 3761 Violarii
623 3709 731 3763 ratione
754 3723 866 3777 prorsus
885 3709 1013 3764 recedere
1037 3711 1066 3763 et
1084 3709 1120 3764 ab
1139 3711 1297 3781 impostore

148 3786 304 3856 adscriptos
324 3805 384 3842 esse
402 3788 505 3857 neget?
534 3785 574 3839 Of.
592 3807 619 3858 p.
636 3794 685 3842 117
702 3789 736 3842 de
751 3788 892 3858 Archippo
907 3790 959 3843 art.
975 3790 1004 3842 et
1021 3789 1132 3845 Unters.
1152 3809 1180 3860 p.
1197 3799 1257 3847 164.

219 3868 246 3933 2)
266 3867 469 3921 Praestantiam
489 3866 633 3935 perspexit
651 3867 800 3922 Kusterus:
826 3867 911 3936 „Pars
929 3874 965 3938 A,
990 3869 1037 3936 qui
1055 3869 1141 3923 trium
1161 3871 1222 3926 cod.
1241 3873 1294 3928 Ms.

147 3946 194 4016 qni
218 3944 248 4000 in
270 3945 444 4003 bibliotheca
467 3947 556 4016 Regia
574 3945 723 4001 Parisiensi
743 3947 938 4016 adservantur,
962 3949 1086 4018 optimus
1106 3952 1148 4005 est
1167 3953 1197 4005 et
1215 3953 1294 4006 vetu-

146 4025 312 4084 stissimus“.
349 4027 390 4081 De
415 4025 519 4081 codicis
543 4029 636 4081 aetate
660 4029 735 4082 recte
757 4026 893 4083 iudicavit
910 4029 997 4098 Hase,
1020 4029 1106 4098 praef.
1131 4029 1161 4084 in
1183 4029 1294 4100 Lydum

145 4127 172 4177 p.
192 4105 317 4161 XXVIII.
356 4107 485 4161 Ceterum
503 4106 533 4159 in
553 4106 612 4161 cod.
631 4108 692 4163 Par.
712 4113 782 4163 2625
800 4108 883 4163 hasce
902 4109 1015 4164 enotavi
1037 4110 1165 4166 lacunas:
1192 4111 1295 4167 desunt

146 4188 187 4241 lit.
204 4191 228 4240 E
246 4187 285 4257 gl.
301 4182 486 4257 ἐληλεγμένον
502 4217 534 4225 -
551 4183 716 4257 [studiosos
734 4183 871 4244 κινδύνου
890 4187 929 4257 (in
948 4190 986 4258 gl.
1002 4185 1188 4260 ἐμφατικῶς),
1207 4210 1294 4246 unum

146 4269 178 4321 ut
197 4267 316 4335 videtur,
335 4265 448 4331 folium,
468 4265 511 4320 lit.
531 4265 553 4316 I
570 4259 739 4334 ὀνομάζουσι
758 4268 797 4335 (in
815 4270 853 4337 gl.
872 4264 1014 4339 Ἰγνάτιος)
1035 4301 1066 4309 -
1083 4273 1234 4335 πίπτοντες
1252 4271 1293 4335 εἰς

147 4344 262 4418 βασιλέα
281 4346 321 4414 (in
340 4346 377 4414 gl.
395 4339 531 4412 Ἰκτῖνος),
555 4344 610 4398 duo
629 4346 674 4399 vel
693 4346 749 4401 tria
766 4348 848 4414 folia,
872 4349 901 4402 in
921 4348 1019 4405 eadem
1041 4349 1084 4405 lit.
1104 4347 1293 4426 ἀπειροκαλίᾳ

145 4426 186 4494 (in
205 4426 242 4492 gl.
259 4420 386 4492 Ἰούνιος)
407 4455 440 4462 -
460 4423 524 4478 exit.
545 4426 583 4494 gl.
603 4426 694 4494 spatio
713 4427 815 4482 idoneo
835 4427 942 4483 relicto.
