2880 5054
177 300 242 367 112
637 296 851 356 HESYCHIUS.

177 461 287 550 ῥήτωρ
314 462 370 530 καὶ
398 461 594 549 στρατηγός,
623 458 660 542 ὃς
686 466 815 548 πρῶτος
846 464 882 530 ἐν
909 474 979 542 τοῖς
1004 451 1170 549 λαφύροις
1192 460 1230 531 τὸ
1252 463 1311 531 ἐπί-

176 597 309 657 γραμμα
333 572 466 656 ἐποίησε
489 572 701 657 μεμνημένον
724 573 785 637 τοῦ
808 572 1006 655 στρατηγοῦ,
1029 571 1194 657 πρότερον
1217 569 1312 657 μόνης

176 680 234 762 τῆς
255 675 384 756 πόλεως
407 680 681 765 ἐπιγραφομένης.

266 802 476 869 CCCOXVII.
526 800 736 887 Ἰωάννης
775 800 1005 887 Φιλαδελφεὺς
1040 801 1164 882 Λυδός.
1222 793 1311 880 οὗτος

154 915 305 995 ιε”γραηε
326 909 401 996 περὶ
424 913 540 995 μηνῶν
564 914 697 994 βιβλίον
720 907 765 993 α’,
792 908 945 993 καὶπερὶ
969 912 1173 994 διοσημειῶν
1199 909 1312 995 ἕτερον,

179 1016 245 1098 [καὶ
272 1013 384 1083 ἄλλων
407 1019 510 1082 τινῶν
534 1011 731 1082 ὑποθέσεων
754 1017 1021 1100 μαθηματικῶν].
1066 1021 1264 1102 προσομιλεῖ
1281 1012 1312 1087 δὲ

179 1127 282 1191 ταῦτα
306 1127 496 1212 Γαβριηλίω
520 1122 586 1188 τινὶ
610 1120 754 1210 ὑπάρχω.

180 1278 185 1287 ·
263 1247 497 1315 -ΟΟΟΟΧἮΠ,
540 1241 755 1330 Ἰωάννης
792 1242 809 1312 ὁ
848 1245 1134 1333 ἐπονομαζόμενος
1165 1242 1311 1330 Στοβεάς.

179 1353 389 1438 άνθολόγιου
412 1352 574 1438 ’περιέχον
608 1350 666 1430 τὰς
693 1350 781 1438 παρὰ
811 1356 891 1418 πᾶσι
918 1357 1053 1420 πολλῶν
1083 1354 1183 1433 δόξας
1211 1353 1246 1419 ἐν
1270 1356 1312 1436 βι-

140 1495 165 1534 10
179 1465 286 1544 βλίοις
323 1458 368 1543 δ’,
405 1458 543 1545 ἐνάρετα
581 1457 672 1525 πάνυ
707 1457 762 1524 καὶ
794 1458 938 1544 γέμοντα
970 1457 1079 1545 πάσης
1110 1455 1310 1534 παιδεύσεως.

178 1565 300 1654 γράφει
324 1565 487 1632 δὲταῦτα
510 1562 592 1651 πρὸς
616 1569 799 1649 Σεπτίμιον
823 1564 900 1632 υἱὸν
924 1562 1038 1634 αὑτοῦ.

268 1690 461 1758 CCCGXIX.
495 1688 681 1775 Ἰωάννης
699 1687 926 1776 γραμματικὸς
941 1686 1187 1776 Ἀλεξανδρεύς,
1212 1684 1229 1755 ὁ
1251 1689 1308 1755 ἐπι-

178 1799 314 1884 κληθεὶς
345 1799 540 1876 Φιλόπονος.
586 1795 707 1863 τούτου
735 1795 974 1883 συγγράμματα
1001 1795 1194 1883 πάμπολλα,
1221 1820 1306 1882 γραμ·

179 1904 309 1993 ματικά,
329 1902 500 1991 φιλόσοφα
518 1902 733 1991 άριθμητικά,
755 1902 924 1989 ῥητορικά,
943 1907 1002 1989 της
1019 1929 1054 1970 τε
1073 1908 1170 1983 θείας
1183 1903 1305 1988 γραφῆς,

140 2045 164 2086 15
178 2013 233 2080 καὶ
256 2009 338 2078 κατὰ
361 2014 429 2078 τῶν
453 2010 499 2097 ιη’
520 2015 715 2094 Προκλείων
739 2010 1010 2096 ἐπιχειρημάτων,
1033 2011 1089 2077 καὶ
1113 2010 1195 2078 κατά
1215 2005 1302 2093 Σεβά-

180 2146 250 2204 ρου.
286 2116 373 2205 πλην
398 2115 449 2184 ὅτι
472 2116 560 2204 παρὰ
583 2121 651 2184 τῶν
674 2120 732 2203 της
756 2118 929 2202 ἐκκλησίας
952 2118 1167 2186 διδασκάλων
1190 2114 1233 2196 ῶς
1249 2139 1301 2199 τρι-

179 2232 295 2312 θεΐτης
322 2223 513 2311 ἐκβάλλεται
541 2222 595 2288 καὶ
623 2225 684 2288 τοῦ
712 2221 899 2308 καταλόγου
926 2228 993 2290 τῶν
1022 2221 1219 2312 ὀρθοδόξων
1239 2216 1301 2288 άπο

186 2331 348 2417 διῶκεται.

271 2456 448 2523 CCCCXX.
478 2450 569 2520 ’'Imv
587 2458 679 2537 Χίος,
698 2448 853 2538 τραγικὸς
874 2453 930 2519 καί
949 2452 1086 2550 λυρικδς
1108 2454 1164 2522 καὶ
1187 2450 1300 2541 φιλόσο-

141 2600 168 2638 20
182 2592 256 2651 φος,
280 2561 354 2642 υίὸς
369 2559 604 2651 Ὀρθομένους,
628 2562 800 2645 ἐπίκλησιν
823 2558 861 2626 δὲ
883 2558 1032 2635 Ξούθου.
1068 2559 1189 2648 ἤρξατο
1209 2558 1242 2627 δὲ
1255 2554 1299 2633 τὰς

183 2673 370 2760 τραγῳδίας
398 2667 570 2735 διδάσκειν
601 2667 653 2734 ἐπὶ
681 2670 738 2752 τῆς
765 2664 823 2752 πβ’
854 2663 1069 2753 ὀλυμπιάδος
1115 2659 1300 2757 δράματαδέ

182 2842 394 2850 ..-ω-ὴ...-

181 2972 212 3023 p.
224 2957 273 3086 115
285 2953 416 3085 ξυλείαν).
436 2949 476 3006 cf.
492 2951 578 3005 etiam
592 2951 626 3004 de
640 2951 703 3007 fort.
719 2950 771 3005 VII
785 2970 812 3020 p.
823 2957 875 3006 310
884 2952 951 3008 Hut.
1008 2959 1021 3006 1
1041 2950 1073 3007 τὸ
1090 2971 1144 3008 om.
1162 2954 1229 3023 ναλμ
1241 2946 1298 3004 Eud

181 3048 248 3103 prae
270 3050 284 3088 e
316 3036 390 3084 ΔΒΕ

254 3120 419 3177 CCCCXVII
457 3125 472 3174 5
496 3122 648 3190 διοσημιῶν
666 3128 693 3174 M
708 3125 767 3175 Ald.
841 3127 857 3176 6
881 3123 951 3177 haec
974 3121 1082 3191 Lydum
1105 3141 1163 3179 non
1184 3116 1299 3191 scripsisse

182 3204 305 3271 constat,
325 3203 495 3271 quapropter
513 3202 602 3269 Ηαοι,
622 3207 769 3258 comment.
790 3204 823 3258 de
842 3203 920 3270 Lydo
939 3222 966 3272 p.
982 3208 1019 3272 ⁴28
1039 3203 1104 3274 περὶ
1122 3208 1192 3259 διον.
1209 3200 1251 3257 καλ
1264 3192 1298 3251 ἄλ·

182 3287 237 3335 λων
262 3313 298 3341 -,
312 3287 382 3352 μαθ.
408 3280 504 3351 ἕτερον
527 3284 654 3339 correxit.
693 3285 842 3338 Praeterea
867 3284 981 3338 tertium
1005 3282 1079 3353 Lydi
1104 3284 1256 3355 opusculum
1273 3274 1300 3331 ab

181 3362 321 3432 Hesychio
344 3363 490 3416 laudatum
517 3361 602 3417 fuisse
625 3362 691 3432 περὶ
716 3359 811 3433 άρχῶν
833 3364 883 3431 τῆς
904 3359 1047 3433 Ῥωμαίων
1070 3367 1211 3426 πολιτείας
1230 3359 1301 3429 τρίτη1

183 3443 273 3510 (Phot.
290 3444 350 3497 cod.
364 3446 424 3512 180)
443 3442 601 3512 suspicatus
617 3461 677 3497 sum
691 3443 761 3497 Mus.
777 3444 864 3498 Rhen.
880 3443 984 3497 XXXV
997 3463 1024 3515 p.
1035 3450 1088 3498 214
1144 3451 1159 3499 λ
1180 3438 1301 3513 Γαβρηίλφ

185 3524 288 3578 Portus
308 3524 466 3596 Γαβριηλίῳ
485 3527 536 3574 Av
557 3526 702 3596 Γαβρηλίῳ
721 3529 843 3578 mula.
865 3525 1004 3597 Γαβριλίῳ
1023 3528 1043 3576 Β

254 3611 433 3666 CCCCXVIII
452 3610 492 3665 cf.
513 3611 601 3680 Diels,
621 3611 741 3682 Doxogr.
760 3632 786 3682 p.
808 3620 854 3681 663
873 3613 968 3682 Daub,
988 3612 1067 3667 stud.
1087 3632 1113 3684 p.
1131 3620 1194 3682 1103
1212 3612 1304 3671 Usener.

184 3691 218 3745 de
238 3690 332 3758 Steph.
353 3692 431 3745 Alex.
451 3711 476 3760 p.
497 3697 531 3744 55
604 3697 619 3744 8
640 3695 778 3761 Στοβαίος
796 3696 867 3762 vulp.
888 3687 1014 3766 Στοβεάς
1032 3698 1135 3746 Am
1213 3698 1304 3755 9ιιερι·

185 3769 256 3841 έχων
274 3772 373 3825 πασῶν
392 3791 420 3827 π.
435 3776 458 3823 V
494 3769 544 3834 τάς
564 3769 696 3841 περιττάς
714 3775 824 3827 πολλῶν
843 3770 928 3838 δόξας
937 3774 1113 3845 Bernhardy,
1132 3771 1183 3840 τάς
1200 3763 1306 3842 παμπάλ-

183 3856 237 3906 λων
257 3854 281 3905 δ.
301 3852 387 3906 Daub
460 3858 491 3906 11
511 3854 666 3922 Σεπτίμιον
685 3852 863 3922 Βινιιλιοαῶη;
884 3853 918 3907 cf.
938 3853 1019 3907 Phot.
1039 3853 1107 3910 bibl.
1127 3872 1153 3924 p.
1170 3859 1219 3909 112
1233 3846 1306 3907 Ἐπί·

184 3951 248 4002 μιον
272 3931 461 4000 (Septimium)
481 3931 607 3986 Schottus
629 3931 659 3985 in
681 3932 762 3987 Phot.
783 3936 842 3988 cod.
865 3938 914 3986 167
937 3927 1094 4003 Ἐπιτίμιον
1112 3939 1135 3987 V
1159 3928 1309 4004 Ἐπίμιουδ

184 4014 255 4081 vulp.
277 4007 341 4065 υίόν
361 4030 414 4067 om.
429 4016 477 4065 BV

255 4099 408 4155 CCCCXIX
426 4102 517 4153 totam
537 4100 624 4155 vitam
639 4102 755 4160 fortasse
770 4105 806 4159 ab
820 4103 961 4172 Hesychio
976 4104 1098 4159 alienam
1113 4120 1172 4159 esse
1186 4100 1242 4157 dixi
1253 4098 1312 4155 Μαι.

183 4184 271 4237 Rhen.
287 4183 305 4236 l.
322 4200 343 4236 ο.
359 4200 386 4250 p.
397 4187 448 4235 227
505 4186 539 4233 14
558 4178 700 4251 ῥητορικά,
716 4182 822 4258 <περλ>
835 4185 884 4254 της
897 4185 982 4240 Βαυδ
1039 4191 1072 4239 15
1091 4181 1164 4239 κατά
1177 4184 1233 4238 τῶν
1244 4182 1314 4251 τῆςῖ

255 4269 395 4325 CCCCXX
418 4270 494 4322 Ειιδ.
519 4287 546 4337 p.
566 4275 624 4326 404.
668 4274 833 4343 Harpocrat.
858 4294 883 4329 v.
906 4270 982 4341 Ἴωνς
1010 4273 1156 4343 Welcker,
1179 4272 1225 4327 Gr.
1243 4272 1318 4341 Trag.

183 4369 211 4419 p.
230 4356 290 4405 938.
324 4352 452 4404 Fortasse
470 4350 561 4402 totam
582 4350 670 4404 vitam
694 4370 727 4407 ex
746 4356 859 4410 scholiis
879 4356 924 4408 Ar.
944 4355 1145 4423 interpolatam
1167 4369 1227 4409 οιοο
1243 4349 1320 4407 docui

185 4429 254 4485 Mus.
273 4431 362 4485 Rhen.
382 4432 401 4485 l.
421 4449 444 4485 ο.
463 4449 490 4501 p.
510 4436 562 4483 214
634 4436 668 4485 20
687 4431 749 4498 υίὸς
769 4467 802 4475 -
822 4433 996 4506 ὀλυμπιάδος
1015 4453 1069 4490 om.
1089 4435 1165 4493 Eud.
