2880 5054
537 309 751 368 HESYCHIUS.
1160 313 1216 378 '51

160 475 301 543 CXCIV.
340 476 519 561 Δίδυμος
543 477 633 554 νέος
652 471 897 560 Ἀλεξανδρεύς,
921 472 1157 562 γραμματικός,
1183 472 1220 555 δς

68 584 307 671 έσοφίσευστεν
338 584 374 648 έν
396 578 515 670 Ῥοίμη.
561 587 683 671 έγραγε
706 580 849 669 πιθανά,
876 582 951 669 περὶ
975 580 1218 669 ὀρθογραφίας,
1324 655 1327 660 ,

66 690 123 757 καὶ
147 689 232 757 ἄλλα
255 697 391 756 πλείστα
414 689 469 756 καὶ
488 687 615 775 ἄριστα.
642 774 645 779 ι

160 796 285 864 CXCV.
323 799 502 882 Δίδυμος
525 792 543 862 ὁ
562 794 734 874 Κλαύδιος
751 801 962 883 χρηματίσας,
985 799 1218 884 γραμματικός.

67 902 144 990 περὶ
167 906 234 969 τῶν
258 899 500 989 ἡμαρτημένων
523 900 611 988 τιαρδι
632 899 694 989 τὴν
713 900 897 987 ἀναλογίαν
916 907 1118 992 Θουκυδίδη,
1142 904 1244 989 aspis

67 1015 131 1096 τῆς
154 1007 244 1098 παρὰ
269 1007 444 1095 Ῥωμαίοις
470 1007 666 1095 ἀναλογίας,
700 1009 860 1097 έιιιτομην
889 1014 955 1078 των
979 1008 1218 1100 Ἡρακλέωνος,

68 1118 124 1184 καὶ
149 1115 234 1185 ἄλλα
257 1116 343 1186 τινοί.

80 1240 81 1244 ’
159 1225 300 1293 CXCVI.
338 1227 517 1312 Δίδυμος
540 1221 558 1292 δ
583 1228 643 1293 τοῦ
662 1221 900 1311 Ἡρακλείδου,
923 1223 1157 1312 γραμματικός,
1182 1218 1220 1301 δς

68 1333 219 1417 διέτριψε
237 1327 326 1417 ιιαρδι
346 1332 483 1416 Νέρωνι
502 1331 557 1398 καὶ
577 1333 827 1418 ἐχρηματίσατο,
852 1331 1012 1418 μουσικός
1027 1358 1062 1399 τε
1080 1323 1124 1418 ἦν
1143 1335 1220 1398 λίαν

67 1440 124 1506 καλ
148 1436 232 1526 πρὸς
254 1438 334 1523 μέλη
360 1436 552 1524 ἐπιτήδειος.
1236 1463 1262 1502 ιο

159 1543 319 1613 CXCVII.
343 1548 420 1610 Λίδ
425 1542 776 1633 υμοςἈλεξανδρεύς.
798 1544 963 1633 γεωργικὰ
974 1548 1011 1614 ἐν
1021 1549 1164 1631 βιβλίοις
1174 1543 1221 1613 ιε’.

159 1651 335 1720 CXCVIII.
376 1656 662 1739 Δικαίαρχος
686 1651 963 1740 Λακεδαιμόνιος,
986 1650 1221 1741 γραμματικός,
1298 1693 1301 1696 >

68 1756 237 1848 ἀκροατὴς
256 1755 482 1846 Ἀριστάρχου.

159 1867 300 1934 CXCIX.
342 1871 589 1952 Δικαίαρχος
619 1869 774 1953 Φειδίου,
802 1865 1005 1954 Σικελιώτης
1033 1869 1067 1935 ἐκ
1094 1866 1221 1947 πόλεως

67 1972 264 2061 Μεσσήνης,
285 1969 533 2061 Ἀριστοτέλους
556 1970 731 2059 ἄκουστής,
755 1973 942 2061 φιλόσοφος
959 1975 1014 2042 καὶ
1034 1973 1144 2062 ῥητωρ
1164 1972 1221 2040 καὶ
1235 1997 1261 2037 15

67 2081 265 2168 γεωμέτρης.
297 2077 553 2166 καταμετρήσεις
569 2082 637 2146 τῶν
658 2082 695 2146 ἐν
713 2080 967 2173 Πελοποννήσῳ
988 2078 1089 2170 ὀρῶν,
1108 2077 1221 2148 Ἐλλά-

142 2221 251 2277 CXCIV
270 2224 346 2278 Eua.
366 2241 393 2292 p.
414 2227 479 2289 230,
498 2237 569 2290 quae
588 2219 689 2290 incipit
707 2217 722 2276 ὁ
743 2220 888 2293 δειίτερος,
905 2219 985 2290 Ἀλεξ.
1004 2221 1054 2277 καὶ
1072 2217 1171 2291 αὐτός,
1190 2214 1222 2283 ὃς

68 2302 118 2357 καὶ
143 2299 224 2371 έσοφ.
250 2299 281 2357 έν
300 2297 398 2374 Ῥώμη.
437 2299 543 2370 έγραψε
568 2319 625 2369 seq.
650 2303 679 2356 et
702 2321 722 2356 s.
742 2304 787 2359 fin.
811 2302 861 2358 καλ
879 2301 957 2358 ἄλλα.
1034 2310 1050 2357 2
1075 2302 1115 2357 Cf.
1135 2304 1221 2356 Bern-

68 2383 173 2453 hardy:
206 2383 335 2453 „Incerta
357 2384 456 2436 horum
479 2379 627 2435 titulorum
649 2382 727 2439 fides.
769 2385 842 2438 Nam
865 2384 986 2454 primum
1011 2383 1077 2452 quin
1101 2379 1221 2436 Πιθανιέ

69 2464 106 2517 ad
120 2465 275 2533 Didymum
290 2465 393 2516 Areum
408 2462 530 2516 debeant
547 2461 637 2516 redire
651 2479 708 2516 non
721 2464 898 2533 ambigimus.
928 2464 1034 2518 Deinde
1053 2460 1118 2530 περὶ
1136 2456 1221 2530 ὀρθο-

69 2546 195 2613 γραφίας
218 2543 272 2598 etsi
295 2542 383 2597 nolim
406 2542 562 2610 aspernari,
586 2541 652 2611 τιερλ
675 2548 854 2614 γεωγραφίας
876 2548 971 2599 tamen
997 2542 1110 2612 scripsit
1131 2542 1218 2596 Paris.

69 2627 145 2695 apud
165 2623 314 2693 Brequign.
334 2642 360 2693 p.
382 2629 423 2677 16.
460 2622 588 2693 Denique
613 2622 662 2676 καὶ
681 2620 751 2677 ἄλλα
770 2629 886 2679 πλεῖστα
904 2624 954 2678 καλ
972 2621 1072 2693 ἄριστα
1091 2622 1153 2692 quis
1173 2622 1222 2676 du-

68 2707 143 2760 bitet
168 2705 347 2779 Aristarcheo
374 2702 568 2758 laudatissimo
599 2702 758 2759 vindicare?
795 2704 912 2760 Accedit
938 2705 1012 2775 quod
1036 2704 1106 2758 Eud.
1132 2703 1223 2758 nescit

67 2789 186 2840 πλεῖστα
205 2783 256 2838 καλ
273 2779 381 2853 ἄριστα.
420 2783 523 2838 Contra
546 2783 720 2852 suspicamur
743 2787 833 2840 totum
857 2790 1065 2856 argumentum,
1090 2784 1163 2853 quod
1181 2783 1220 2851 gl.

68 2867 136 2919 Δίδ.
156 2860 171 2918 ὁ
193 2860 334 2926 Κλαύδιος
353 2863 520 2932 continetur,
539 2864 575 2917 ad
589 2864 740 2933 Didymum
759 2865 897 2920 iuniorem
911 2867 1051 2936 pertinere
1066 2865 1143 2918 cuius
1163 2882 1221 2919 me-

71 2946 164 3000 moria
182 2946 226 3002 bis
245 2945 301 2999 fere
320 2944 434 3012 finibus,
459 2944 513 2998 nisi
532 2945 628 3012 fallor,
652 2944 750 2998 debuit
768 2946 969 3001 circumscribi:
997 2947 1060 3000 Δίδ.
1080 2941 1094 2999 ὁ
1114 2942 1221 3001 niaco.

68 3046 152 3097 χρημ.
174 3022 235 3096 tm,
265 3019 296 3087 ὃς
319 3020 399 3093 έσοφ.
425 3020 456 3078 έν
476 3020 573 3094 Ῥώμη.
612 3023 718 3093 ἔγραψε
750 3024 814 3093 περὶ
840 3021 1050 3095 ὀρθογραφίας,
1076 3024 1141 3093 περὶ
1166 3026 1222 3078 τῶν

67 3103 169 3176 ἡμαρτ.
189 3108 265 3174 seq.“
301 3105 415 3159 Rectius
438 3103 632 3158 iudicaverunt
655 3100 795 3174 Schmidt,
819 3105 882 3161 Did.
906 3125 933 3176 p.
957 3113 972 3160 3
995 3109 1024 3161 et
1042 3112 1107 3173 345,
1132 3105 1222 3166 Daub,

72 3186 154 3241 Stud.
173 3204 202 3256 p.
221 3191 255 3240 88
266 3202 322 3254 seq.
724 3187 727 3191 ’

146 3263 242 3320 CXCV
260 3266 336 3321 Eud.
350 3284 377 3334 p.
392 3271 454 3320 230.
469 3263 509 3318 Cf.
529 3283 554 3318 v.
570 3259 731 3333 Ἡρακλέων
793 3273 810 3320 4
827 3268 1000 3336 χρηματίσας
1018 3284 1072 3322 om.
1091 3267 1120 3320 V'
1135 3262 1157 3322 ’ὁ
1173 3268 1223 3322 καὶ

72 3351 123 3403 Κλ.
135 3342 345 3417 ὀνομαζόμενος
354 3347 430 3403 Euo.
446 3341 460 3400 ὁ
477 3351 559 3400 omV
614 3352 630 3400 6
651 3342 786 3416 έιιιτομην
801 3347 857 3401 τῶν
867 3343 923 3415 Ἡρ.
939 3342 1087 3417 ὀνομάτων
1100 3348 1224 3403 tentavit

69 3429 184 3494 Raude,
203 3427 238 3481 de
256 3427 327 3483 PoIl.
345 3426 415 3481 font.
435 3445 461 3495 p.
483 3432 515 3479 13
534 3425 592 3481 not.
612 3431 628 3479 3
740 3441 741 3444 ¹

144 3507 254 3563 CXCVI
273 3507 348 3563 Eue.
363 3525 391 3576 p.
406 3513 473 3576 230,
491 3523 562 3574 quae
581 3507 653 3560 hanc
672 3506 760 3560 vitam
779 3507 893 3563 exhibet
911 3504 926 3563 ὁ
941 3510 1044 3582 τρίτος,
1063 3503 1079 3563 ὁ
1099 3509 1149 3562 τοῦ
1164 3505 1223 3577 ‘Hp

71 3586 122 3645 έπλ
135 3588 284 3656 Νέρωνος,
304 3580 338 3641 oui
358 3582 446 3656 μόνον
460 3605 572 3656 γραμμ,
591 3581 661 3640 driu
676 3586 726 3640 καὶ
741 3586 780 3648 είς
798 3583 829 3641 vt
849 3584 938 3657 diapov
953 3584 1086 3658 μουσικὸς
1100 3588 1149 3642 καλ
1163 3606 1221 3657 seq.

146 3667 269 3724 CXCVII
288 3666 444 3734 Fabricius,
464 3668 534 3722 Bibl.
554 3669 600 3724 Gr.
619 3667 684 3721 XIII
703 3686 729 3736 p.
751 3673 800 3721 141

146 3746 283 3802 CXCVIII
303 3745 344 3802 Cf.
363 3745 465 3800 Mune:
483 3746 509 3800 II
527 3766 554 3816 p.
575 3754 640 3817 225,
659 3748 753 3816 Daub‚
774 3748 852 3803 Stud.
871 3767 898 3818 p.
914 3755 947 3804 96
1028 3755 1061 3803 13
1079 3745 1222 3819 Ἀριστοτέ·

70 3832 138 3890 λους
157 3827 267 3882 mavult
282 3826 408 3895 Nicoluc',
427 3826 481 3882 Lit
497 3826 543 3881 Cr.
558 3828 625 3897 Hp.
641 3835 701 3883 267.
729 3828 808 3881 Idem
827 3829 901 3882 enim
921 3845 981 3883 esse
1000 3829 1119 3900 videtur,
1139 3845 1223 3897 quem

71 3906 278 3975 Aristophanes
297 3907 478 3975 reprehendit
495 3907 570 3976 apud
589 3909 690 3964 Athen.
710 3909 750 3962 III
769 3928 794 3978 p.
816 3915 849 3964 85

145 3984 255 4040 CXCIX
273 3985 348 4039 Εαιί.
368 4002 395 4053 p.
415 3990 481 4053 234,
501 3985 535 4041 cf.
554 3986 657 4043 Muller
675 3990 692 4044 l.
713 4007 736 4044 c.
793 3994 826 4043 14
839 3986 1031 4058 ’Σικελειαίτης
1049 3995 1072 4042 Δ
1090 3985 1222 4043 Σικελιώ-

72 4088 177 4137 της-
198 4060 337 4134 ἄκου’στής
360 4071 390 4119 et
411 4063 462 4119 καὶ
484 4061 621 4135 νόμος-
641 4070 707 4124 exit.
727 4070 875 4125 omitted.
912 4071 973 4124 Hac
995 4071 1085 4125 forma
1107 4070 1167 4123 rita
1186 4070 1222 4123 ab

71 4147 214 4215 Hesychio
228 4145 356 4216 profecta
373 4163 432 4201 esse
450 4145 557 4215 nequit,
579 4165 641 4202 cum
661 4150 766 4218 scripta
784 4148 948 4204 Dicaearchi
966 4150 1008 4204 bis
1026 4152 1222 4216 memorentur,

73 4229 150 4297 quod
175 4225 347 4296 Hesychium
369 4242 425 4280 non
449 4225 537 4281 decet.
575 4227 615 4282 Cf.
636 4224 803 4298 Ἀνακρέων,
827 4230 856 4283 et
875 4246 946 4298 quae
968 4228 1009 4283 ibi
1028 4230 1093 4284 dixi.
1124 4230 1222 4283 Potius

74 4307 217 4362 Eudociae
236 4306 305 4361 fides
324 4305 465 4375 habenda,
485 4324 556 4375 quae
575 4308 615 4361 sic
633 4310 739 4380 pergit:
760 4308 865 4379 ἔγραψε
881 4305 1100 4379 καταμετρήσεις
1115 4310 1171 4362 τῶν
1191 4305 1223 4363 έν

76 4391 182 4444 Πελοπ.
198 4383 287 4457 ὀρῶν,
303 4382 436 4449 Ἑλλάδος
452 4388 512 4460 βίον
528 4385 559 4441 έν
573 4388 645 4456 τρισὶ
664 4392 780 4462 βιβλίοις
798 4390 847 4444 καὶ
865 4389 1052 4457 Σπαρτιατῶν
1070 4391 1222 4444 πολιτείαν.

76 4462 539 4536 15ΜεσσήνηςΔΜεσήνηςνιιίγ.
579 4474 611 4522 16
626 4469 661 4523 de
675 4466 1223 4540 scropscpriostccfffllin.hist.n.ss,bb
1273 4480 1275 4488 '

971 4559 1010 4614 4*
