2910 5056
537 266 822 324 PROLEGOMENA.
1162 271 1252 324 XXIII

100 431 563 520 Aristonym11),Meleti,
589 431 769 497 Simmiae
793 432 935 498 Rhodii
960 434 1002 497 al.
1020 433 1054 497 in
1074 432 1160 497 Suid.
1179 433 1252 498 libr.

100 542 134 603 et
146 538 228 604 Viol.
249 539 413 622 adipsum
433 541 680 624 epitomatorem
699 541 819 605 rectius
838 539 1011 605 reiicienda
1025 542 1146 625 putavi,
1166 541 1252 624 quod

99 645 253 710 facillime
273 648 379 731 possis
404 649 578 733 explicare,
601 648 629 712 si
653 670 728 712 mox
753 649 947 732 scriptorum
970 648 1102 713 nomina
1125 649 1176 713 vel
1196 672 1251 714 no-

63 783 65 785 >
100 753 226 816 minum
251 753 362 818 literas
381 754 523 819 initiales
552 755 586 818 in
610 755 757 838 margine
780 754 888 819 addita
912 755 1010 818 fuisse
1033 758 1212 839 posteaque
1232 779 1252 820 a

99 859 244 923 librariis
259 861 387 944 omissa,
402 861 449 925 ita
464 865 500 926 ut
512 861 876 927 duae-confunderentur
885 862 980 943 vitae,
991 883 1066 925 mox
1077 864 1250 927 nonnullas
1362 877 1369 886 ·

100 967 243 1031 vitarum
266 971 375 1050 partes
400 991 419 1032 a
441 968 583 1033 librariis
603 969 860 1034 describentibus
885 970 1022 1033 omissas
1046 970 1250 1054 marginique

102 1073 282 1160 adscriptas
314 1075 518 1158 genuinoque
548 1075 619 1141 loco
650 1079 755 1139 motas
783 1078 891 1139 tecum
920 1075 1110 1141 consideres,
1162 1077 1250 1153 Quae

101 1183 211 1244 autern
230 1203 258 1245 v.
278 1178 520 1265 Σωσιφάνης
542 1183 576 1246 iu
596 1182 685 1247 codd.
700 1187 733 1247 et
756 1183 824 1246 edd.
838 1185 916 1246 vett.
940 1185 1069 1266 praeter
1092 1186 1158 1246 tres
1178 1182 1250 1248 Par.

100 1290 132 1351 et
159 1287 234 1352 Vat.
260 1288 368 1352 Pears.
393 1289 508 1354 vitiose
541 1289 662 1361 tradita
691 1293 778 1373 sunt,
809 1288 890 1353 haec
914 1311 952 1352 ex
980 1288 1104 1353 duabus
1132 1290 1250 1374 glossis

103 1397 326 1480 grammaticis
351 1399 384 1469 et
407 1419 471 1460 una
489 1396 704 1482 biographica
728 1420 747 1462 a
770 1397 911 1461 librariis
935 1396 1160 1483 conglutinata
1180 1420 1250 1463 esse

100 1505 208 1584 patet:
237 1504 414 1585 Σωσικλῆς
442 1499 550 1588 ὄνομα
572 1501 700 1586 κύριον.
748 1499 955 1587 Σωσιφάνης
980 1497 1103 1588 ὁμοίως
1120 1498 1249 1589 κύριον.

104 1606 312 1693 Σωσιφάνης
335 1609 547 1686 Σωσικλέους
570 1607 658 1697 (υίὸς
677 1616 767 1676 Σωσ.
782 1609 840 1697 V),
864 1615 949 1692 Σνρ.
964 1634 991 1675 κ.
1006 1635 1033 1675 ι.
1047 1615 1075 1674 l.

190 1716 239 1782 De
263 1717 435 1801 Hesychia,
460 1716 576 1782 Suidae
599 1718 700 1802 fonte,
723 1719 846 1802 primus
866 1722 952 1782 recte
973 1718 1054 1782 vidit
1075 1717 1248 1798 Schneider,
1351 1743 1355 1748 ’

99 1825 138 1888 de
163 1825 229 1889 tab.
250 1821 376 1887 Gallim.
398 1847 427 1908 p.
445 1826 485 1889 12
511 1823 652 1911 (Gallim.
673 1824 705 1888 II
728 1825 793 1908 p.3
819 1821 908 1910 seq.),
932 1827 1105 1907 postquam
1129 1846 1248 1910 magno

98 1933 133 1997 in
158 1955 265 1998 errore
284 1933 402 1996 versati
427 1937 502 1996 sunt
522 1931 722 2016 Bernhardy,
746 1931 985 2015 Westermann,
1008 1932 1126 2015 aliique
1145 1933 1249 1996 multi.

97 2039 180 2104 Rern
209 2061 343 2124 prorsus
373 2038 567 2122 patefecisse
596 2039 658 2103 sihi
686 2039 774 2103 visus
804 2041 853 2102 est
881 2037 1031 2122 Schmidt,
1059 2037 1131 2101 Did.
1155 2061 1185 2122 p.
1208 2040 1246 2103 17

96 2148 204 2210 notl
236 2149 269 2209 et
296 2145 414 2210 Annal.
432 2145 512 2229 phil.
533 2147 571 2209 71
602 2168 631 2228 p.
653 2145 730 2229 775,
759 2149 933 2229 postquam
957 2144 1104 2226 Cramer,
1129 2146 1248 2210 Anecd.

96 2251 170 2317 Par.
189 2252 206 2316 I
224 2269 255 2336 p.
272 2253 311 2316 11
338 2275 376 2316 ex
399 2253 508 2317 codice
527 2253 628 2317 Paris.
644 2254 729 2317 2677
751 2275 832 2317 saec.
847 2250 935 2336 XVI,
960 2252 1037 2316 olim
1057 2251 1248 2336 Tellerian0,

97 2359 201 2424 edidit
228 2359 313 2423 hunc
340 2358 479 2424 indicem
502 2359 643 2424 fontium
668 2358 798 2424 Suidae:
832 2359 1012 2442 ‘Excerpta
1038 2359 1095 2440 ubi
1123 2359 1161 2422 de
1184 2360 1247 2424 Eu·

96 2465 192 2530 demo
212 2465 352 2550 rhetore,
371 2465 522 2530 Helladio
543 2467 765 2550 grammatice,
785 2467 942 2552 Eugenio,
961 2465 1099 2552 Zosim0,
1119 2464 1248 2553 cecilio,

95 2572 260 2658 Longino,
298 2573 444 2657 Luperco
482 2573 711 2659 grammatico,
748 2573 874 2638 Iustino
915 2572 1076 2656 sophista,
1117 2572 1247 2646 Pacato,

94 2678 254 2764 Minucio,
285 2680 458 2764 Pamphilo
487 2680 703 2766 grammatico
733 2682 765 2744 et
793 2679 957 2762 Hesychio
987 2677 1128 2745 Milesio:
1164 2680 1246 2743 nihil

96 2790 207 2850 aritem
238 2787 322 2871 quod
351 2788 386 2850 in
410 2784 508 2852 Suida
535 2809 601 2851 non
624 2785 777 2872 legatur'.
823 2784 1114 2865 CtVVachsmuth,
1138 2784 1245 2870 Symb.

94 2919 128 2979 p.
146 2894 208 2959 138
237 2897 304 2958 not.
322 2895 353 2979 1,
381 2895 526 2979 Boysen,
554 2895 594 2959 de
617 2893 717 2977 Harp.
737 2895 815 2958 font.
834 2916 864 2977 p.
880 2894 931 2958 33.
978 2893 1024 2957 At
1049 2913 1177 2977 caveas,
1205 2916 1245 2957 ne

94 2999 194 3064 nimis
219 3001 418 3065 confidenter
442 3001 494 3066 hic
519 3001 559 3065 ad
583 3001 859 3085 Onomatologum
884 2999 985 3064 alludi
1008 3021 1147 3086 censeas,
1169 3002 1246 3086 quia

96 3108 238 3173 similem
258 3130 400 3172 errorem
420 3109 452 3173 in
475 3109 574 3174 schol.
589 3108 643 3172 Ar.
658 3106 742 3172 Nub.
759 3109 833 3192 540,
852 3130 914 3192 quo
935 3108 1007 3172 loco
1021 3107 1065 3171 de
1082 3107 1244 3192 Hesychio

94 3214 316 3279 Alexandrino
341 3215 463 3301 agitur,
487 3212 678 3279 adumbravi
702 3214 840 3299 Hesych.
866 3214 971 3279 Miles
995 3215 1096 3297 praef.
1119 3239 1149 3299 p.
1172 3215 1244 3281 XII.

95 3319 326 3386 Schneiderum
354 3326 463 3387 autem
488 3309 766 3405 Schmidtiumque
796 3323 897 3385 secuti
924 3325 1000 3384 sunt
1022 3321 1132 3405 Lehrs,
1162 3321 1246 3387 Mus.

94 3428 198 3493 Rhen.
212 3426 308 3493 XVII
330 3454 361 3515 p.
376 3429 441 3494 453
466 3427 701 3514 (Pindarschol.
720 3451 750 3512 p.
770 3426 860 3513 159),
893 3427 1104 3507 mehemeth,
1134 3425 1244 3511 Symb.

94 3529 201 3600 Bonn.
229 3559 259 3619 p.
282 3537 343 3601 138
369 3559 448 3620 ειη,
470 3537 603 3616 Mhller,
630 3535 668 3600 fr.
691 3534 766 3599 hist.
782 3534 828 3600 IV
852 3557 881 3617 p.
899 3534 971 3618 155,
994 3535 1037 3600 D.
1061 3535 1243 3614 Volhmuuc,

93 3640 206 3725 Symb.
225 3665 255 3726 p.
276 3643 339 3707 728
358 3645 426 3706 not.
449 3643 502 3725 18,
525 3642 758 3725 Mcudclssobo‚
780 3642 853 3706 Act.
873 3640 943 3706 Soc.
963 3642 1051 3726 Lips.
1070 3642 1103 3706 Π
1122 3665 1152 3726 p.
1171 3643 1242 3725 181,
1339 3664 1342 3669 ·

92 3748 229 3832 Bopseo,
249 3748 287 3812 de
306 3748 465 3832 Harpocr.
484 3749 564 3813 font.
579 3771 610 3832 p.
623 3749 663 3813 12
679 3749 719 3813 al.
747 3748 894 3813 indolem
913 3771 988 3813 vero
1009 3751 1106 3833 atque
1122 3745 1251 3833 stilum,

94 3878 178 3940 quae
196 3856 231 3919 in
248 3855 323 3920 vitis
339 3854 554 3938 Hesychianis
570 3858 800 3941 agnoscuntur,
820 3854 981 3939 sagaciter
995 3855 1242 3921 illustraverunt

94 3962 267 4046 Nietasche,
295 3961 378 4027 Mus.
401 3961 503 4026 Rhen.
522 3960 631 4026 XXIV
654 3985 685 4045 p.
711 3963 775 4026 216
800 3984 881 4046 ειη,
917 3962 1102 4047 Volkmann,
1131 3962 1240 4048 Symb.

92 4092 123 4153 p.
141 4069 203 4134 717
221 4066 336 4154 seq.²),
355 4068 473 4152 Rotae,
491 4068 587 4134 Βανά
606 4069 661 4152 al.,
685 4090 878 4152 quamquam
899 4092 958 4134 nec
981 4069 1135 4135 hodierno
1160 4072 1239 4134 tem·
1303 4168 1315 4188 ο

168 4263 195 4331 1)
219 4262 261 4316 De
280 4280 335 4330 quo
353 4263 429 4316 recte
450 4261 587 4316 iudicavit
606 4261 710 4332 Bergk,
734 4261 805 4317 Hist.
825 4225 879 4317 Lit.
900 4260 997 4318 Graec.
1018 4263 1030 4314 Ι
1054 4281 1081 4332 p.
1103 4268 1166 4329 192,
1189 4280 1240 4317 nec

93 4342 178 4397 laude
198 4341 284 4409 digna
303 4343 346 4395 est
364 4341 505 4396 sententia
524 4340 634 4395 Pulchii
652 4360 678 4410 p.
695 4347 728 4396 82
748 4342 784 4395 al.

168 4423 196 4490 ⁶2)
217 4421 360 4486 Quaedam
379 4421 428 4476 alii
442 4422 695 4491 investigaverunt,
714 4423 792 4477 velut
806 4422 924 4491 Steffen,
944 4424 978 4478 de
992 4440 1089 4478 canon.
1104 4421 1147 4478 Al.
1163 4442 1189 4494 p.
1204 4429 1240 4497 ²5.
