<?xml version="1.0" encoding="UTF-8"?>
<!DOCTYPE html PUBLIC "-//W3C//DTD XHTML 1.0 Transitional//EN"
    "http://www.w3.org/TR/xhtml1/DTD/xhtml1-transitional.dtd">
<html xmlns="http://www.w3.org/1999/xhtml" xml:lang="en" lang="en">
 <head>
  <title>
</title>
<meta http-equiv="Content-Type" content="text/html;charset=utf-8" />
  <meta name='ocr-system' content='tesseract 3.04.00' />
  <meta name='ocr-capabilities' content='ocr_page ocr_carea ocr_par ocr_line ocrx_word'/>
</head>
<body>
  <div class='ocr_page' id='page_1' title='image "./hesychiimilesii03flacgoog_0323.png"; bbox 0 0 2880 5054; ppageno 0'>
   <div class='ocr_carea' id='block_1_1' title="bbox 221 326 893 396">
    <p class='ocr_par' dir='ltr' id='par_1_1' title="bbox 221 326 893 396">
     <span class='ocr_line' id='line_1_1' title="bbox 221 326 893 396; baseline 0.003 -16"><span class='ocrx_word' id='word_1_1' title='bbox 221 331 287 396; x_wconf 81' lang='lat'><em>246</em></span> <span class='ocrx_word' id='word_1_2' title='bbox 697 326 893 382; x_wconf 75' lang='grc' dir='ltr'><em>Αεεωωω.</em></span> 
     </span>
    </p>
   </div>
   <div class='ocr_carea' id='block_1_2' title="bbox 186 487 1370 2501">
    <p class='ocr_par' dir='ltr' id='par_1_2' title="bbox 186 487 1370 2501">
     <span class='ocr_line' id='line_1_2' title="bbox 221 487 1365 579; baseline -0.002 -19"><span class='ocrx_word' id='word_1_3' title='bbox 221 493 435 579; x_wconf 78' lang='grc' dir='ltr'><em>Πραξιτέλης,</em></span> <span class='ocrx_word' id='word_1_4' title='bbox 459 490 593 578; x_wconf 82' lang='grc' dir='ltr'><em>Λύκων,</em></span> <span class='ocrx_word' id='word_1_5' title='bbox 614 489 784 578; x_wconf 79' lang='grc' dir='ltr'><strong><em>Ἀρίστων,</em></strong></span> <span class='ocrx_word' id='word_1_6' title='bbox 807 494 984 577; x_wconf 82' lang='grc' dir='ltr'><strong><em>Λυκίσκος,</em></strong></span> <span class='ocrx_word' id='word_1_7' title='bbox 1008 490 1239 578; x_wconf 78' lang='grc' dir='ltr'><em>Πραξιφάνης,</em></span> <span class='ocrx_word' id='word_1_8' title='bbox 1256 487 1365 575; x_wconf 85' lang='grc' dir='ltr'><em>Ἱερῶ-</em></span> 
     </span>
     <span class='ocr_line' id='line_1_3' title="bbox 221 595 1365 687; baseline 0.001 -21"><span class='ocrx_word' id='word_1_9' title='bbox 221 624 337 686; x_wconf 91' lang='grc' dir='ltr'><em>νυμος,</em></span> <span class='ocrx_word' id='word_1_10' title='bbox 360 596 544 685; x_wconf 78' lang='grc' dir='ltr'><em>Πρύτανις,</em></span> <span class='ocrx_word' id='word_1_11' title='bbox 570 605 741 686; x_wconf 84' lang='grc' dir='ltr'><em>Φορμίων,</em></span> <span class='ocrx_word' id='word_1_12' title='bbox 765 597 960 686; x_wconf 86' lang='grc' dir='ltr'><em>Κριτόλαος.</em></span> <span class='ocrx_word' id='word_1_13' title='bbox 1000 595 1039 665; x_wconf 84' lang='grc' dir='ltr'><em>τὰ</em></span> <span class='ocrx_word' id='word_1_14' title='bbox 1064 598 1100 666; x_wconf 75' lang='grc' dir='ltr'><em>δὲ</em></span> <span class='ocrx_word' id='word_1_15' title='bbox 1124 597 1365 687; x_wconf 92' lang='grc' dir='ltr'><em>συγγράμματα</em></span> 
     </span>
     <span class='ocr_line' id='line_1_4' title="bbox 221 703 1366 793; baseline 0.001 -21"><span class='ocrx_word' id='word_1_16' title='bbox 221 703 326 772; x_wconf 82' lang='grc' dir='ltr'><em>αὐτοῦ</em></span> <span class='ocrx_word' id='word_1_17' title='bbox 360 709 476 772; x_wconf 88' lang='grc' dir='ltr'><em>ταύτα·</em></span> <span class='ocrx_word' id='word_1_18' title='bbox 511 707 585 793; x_wconf 93' lang='grc' dir='ltr'><em>περὶ</em></span> <span class='ocrx_word' id='word_1_19' title='bbox 619 704 834 792; x_wconf 76' lang='grc' dir='ltr'><em>δικαιοσύνης</em></span> <span class='ocrx_word' id='word_1_20' title='bbox 861 705 906 791; x_wconf 90' lang='grc' dir='ltr'><em>δ’,</em></span> <span class='ocrx_word' id='word_1_21' title='bbox 939 706 1013 791; x_wconf 92' lang='grc' dir='ltr'><em>περὶ</em></span> <span class='ocrx_word' id='word_1_22' title='bbox 1041 709 1190 791; x_wconf 80' lang='grc' dir='ltr'><em>ποιητῶν</em></span> <span class='ocrx_word' id='word_1_23' title='bbox 1218 705 1263 792; x_wconf 92' lang='grc' dir='ltr'><em>γ’,</em></span> <span class='ocrx_word' id='word_1_24' title='bbox 1291 706 1366 793; x_wconf 92' lang='grc' dir='ltr'><em>περὶ</em></span> 
     </span>
     <span class='ocr_line' id='line_1_5' title="bbox 223 808 1366 900; baseline 0.001 -22"><span class='ocrx_word' id='word_1_25' title='bbox 223 817 426 898; x_wconf 78' lang='grc' dir='ltr'><em>φιλοσοφίας</em></span> <span class='ocrx_word' id='word_1_26' title='bbox 455 812 499 899; x_wconf 89' lang='grc' dir='ltr'><em>δ’,</em></span> <span class='ocrx_word' id='word_1_27' title='bbox 527 813 699 882; x_wconf 90' lang='grc' dir='ltr'><em>πολιτικὸν</em></span> <span class='ocrx_word' id='word_1_28' title='bbox 729 812 775 898; x_wconf 94' lang='grc' dir='ltr'><em>α’,</em></span> <span class='ocrx_word' id='word_1_29' title='bbox 802 813 876 900; x_wconf 90' lang='grc' dir='ltr'><em>περὶ</em></span> <span class='ocrx_word' id='word_1_30' title='bbox 903 815 1072 899; x_wconf 77' lang='grc' dir='ltr'><em>πολιτικῆς</em></span> <span class='ocrx_word' id='word_1_31' title='bbox 1102 808 1119 898; x_wconf 85' lang='grc' dir='ltr'><em>ῆ</em></span> <span class='ocrx_word' id='word_1_32' title='bbox 1144 813 1294 896; x_wconf 88' lang='grc' dir='ltr'><em>Γρύλλος</em></span> <span class='ocrx_word' id='word_1_33' title='bbox 1320 812 1366 899; x_wconf 89' lang='grc' dir='ltr'><em>γ’,</em></span> 
     </span>
     <span class='ocr_line' id='line_1_6' title="bbox 197 917 1366 1008; baseline 0.002 -24"><span class='ocrx_word' id='word_1_34' title='bbox 197 917 403 1005; x_wconf 81' lang='grc' dir='ltr'><em>εΝῆρινθος</em></span> <span class='ocrx_word' id='word_1_35' title='bbox 431 918 477 1006; x_wconf 89' lang='grc' dir='ltr'><em>α’,</em></span> <span class='ocrx_word' id='word_1_36' title='bbox 505 920 581 1008; x_wconf 92' lang='grc' dir='ltr'><em>περὶ</em></span> <span class='ocrx_word' id='word_1_37' title='bbox 608 918 755 988; x_wconf 90' lang='grc' dir='ltr'><em>πλούτου</em></span> <span class='ocrx_word' id='word_1_38' title='bbox 783 919 828 1006; x_wconf 90' lang='grc' dir='ltr'><em>α’,</em></span> <span class='ocrx_word' id='word_1_39' title='bbox 860 922 1055 1005; x_wconf 76' lang='grc' dir='ltr'><em>σοφιστικῆς</em></span> <span class='ocrx_word' id='word_1_40' title='bbox 1082 918 1127 1004; x_wconf 90' lang='grc' dir='ltr'><em>α’,</em></span> <span class='ocrx_word' id='word_1_41' title='bbox 1154 919 1229 1003; x_wconf 91' lang='grc' dir='ltr'><em>περὶ</em></span> <span class='ocrx_word' id='word_1_42' title='bbox 1257 917 1366 1006; x_wconf 85' lang='grc' dir='ltr'><em>εὐχῆς,</em></span> 
     </span>
     <span class='ocr_line' id='line_1_7' title="bbox 223 1024 1367 1114; baseline 0.002 -23"><span class='ocrx_word' id='word_1_43' title='bbox 223 1026 411 1106; x_wconf 85' lang='grc' dir='ltr'><em>Μενέξενος</em></span> <span class='ocrx_word' id='word_1_44' title='bbox 434 1025 480 1112; x_wconf 91' lang='grc' dir='ltr'><em>α’,</em></span> <span class='ocrx_word' id='word_1_45' title='bbox 503 1027 578 1113; x_wconf 89' lang='grc' dir='ltr'><em>περὶ</em></span> <span class='ocrx_word' id='word_1_46' title='bbox 602 1025 770 1113; x_wconf 81' lang='grc' dir='ltr'><em>εὐγενείας</em></span> <span class='ocrx_word' id='word_1_47' title='bbox 790 1026 835 1113; x_wconf 90' lang='grc' dir='ltr'><em>α’,</em></span> <span class='ocrx_word' id='word_1_48' title='bbox 856 1024 1012 1114; x_wconf 89' lang='grc' dir='ltr'><em>ἐρωτικὸς</em></span> <span class='ocrx_word' id='word_1_49' title='bbox 1031 1025 1076 1110; x_wconf 92' lang='grc' dir='ltr'><em>α’,</em></span> <span class='ocrx_word' id='word_1_50' title='bbox 1098 1026 1174 1113; x_wconf 90' lang='grc' dir='ltr'><em>περὶ</em></span> <span class='ocrx_word' id='word_1_51' title='bbox 1193 1030 1301 1113; x_wconf 85' lang='grc' dir='ltr'><em>ψυχῆς</em></span> <span class='ocrx_word' id='word_1_52' title='bbox 1320 1027 1367 1113; x_wconf 92' lang='grc' dir='ltr'><em>α’,</em></span> 
     </span>
     <span class='ocr_line' id='line_1_8' title="bbox 222 1130 1366 1221; baseline 0.003 -23"><span class='ocrx_word' id='word_1_53' title='bbox 222 1130 463 1219; x_wconf 88' lang='grc' dir='ltr'><em>προτρεπτικὸν</em></span> <span class='ocrx_word' id='word_1_54' title='bbox 487 1133 533 1219; x_wconf 89' lang='grc' dir='ltr'><em>α’,</em></span> <span class='ocrx_word' id='word_1_55' title='bbox 561 1134 636 1221; x_wconf 86' lang='grc' dir='ltr'><em>περὶ</em></span> <span class='ocrx_word' id='word_1_56' title='bbox 659 1131 785 1221; x_wconf 88' lang='grc' dir='ltr'><em>ῆδονῆς</em></span> <span class='ocrx_word' id='word_1_57' title='bbox 807 1133 853 1219; x_wconf 94' lang='grc' dir='ltr'><em>α’,</em></span> <span class='ocrx_word' id='word_1_58' title='bbox 876 1134 951 1220; x_wconf 89' lang='grc' dir='ltr'><em>περὶ</em></span> <span class='ocrx_word' id='word_1_59' title='bbox 974 1139 1143 1219; x_wconf 80' lang='grc' dir='ltr'><em>βασιλείας</em></span> <span class='ocrx_word' id='word_1_60' title='bbox 1166 1131 1212 1218; x_wconf 92' lang='grc' dir='ltr'><em>α’,</em></span> <span class='ocrx_word' id='word_1_61' title='bbox 1237 1137 1366 1201; x_wconf 90' lang='grc' dir='ltr'><em>οίκονο-</em></span> 
     </span>
     <span class='ocr_line' id='line_1_9' title="bbox 222 1235 1366 1327; baseline 0.002 -22"><span class='ocrx_word' id='word_1_62' title='bbox 222 1239 322 1326; x_wconf 88' lang='grc' dir='ltr'><em>μικόν</em></span> <span class='ocrx_word' id='word_1_63' title='bbox 346 1238 392 1324; x_wconf 90' lang='grc' dir='ltr'><em>α’,</em></span> <span class='ocrx_word' id='word_1_64' title='bbox 415 1239 490 1326; x_wconf 88' lang='grc' dir='ltr'><em>περὶ</em></span> <span class='ocrx_word' id='word_1_65' title='bbox 512 1243 663 1318; x_wconf 78' lang='grc' dir='ltr'><em>παιδείας</em></span> <span class='ocrx_word' id='word_1_66' title='bbox 686 1235 706 1324; x_wconf 83' lang='grc' dir='ltr'><em>ῆ</em></span> <span class='ocrx_word' id='word_1_67' title='bbox 729 1237 943 1307; x_wconf 89' lang='grc' dir='ltr'><em>παιδευτικὸν</em></span> <span class='ocrx_word' id='word_1_68' title='bbox 962 1239 1008 1325; x_wconf 91' lang='grc' dir='ltr'><em>α’,</em></span> <span class='ocrx_word' id='word_1_69' title='bbox 1032 1244 1281 1326; x_wconf 89' lang='grc' dir='ltr'><em>[συλλογισμῶν</em></span> <span class='ocrx_word' id='word_1_70' title='bbox 1305 1240 1366 1327; x_wconf 86' lang='grc' dir='ltr'><em>α’,]</em></span> 
     </span>
     <span class='ocr_line' id='line_1_10' title="bbox 223 1341 1367 1435; baseline 0.002 -22"><span class='ocrx_word' id='word_1_71' title='bbox 223 1345 377 1433; x_wconf 84' lang='grc' dir='ltr'><em>περὶτοῦ</em></span> <span class='ocrx_word' id='word_1_72' title='bbox 401 1343 536 1431; x_wconf 87' lang='grc' dir='ltr'><em>άγαθοῦ</em></span> <span class='ocrx_word' id='word_1_73' title='bbox 555 1343 600 1432; x_wconf 95' lang='grc' dir='ltr'><em>α’,</em></span> <span class='ocrx_word' id='word_1_74' title='bbox 624 1346 698 1434; x_wconf 90' lang='grc' dir='ltr'><em>περὶ</em></span> <span class='ocrx_word' id='word_1_75' title='bbox 722 1344 835 1433; x_wconf 88' lang='grc' dir='ltr'><em>άρχῶν</em></span> <span class='ocrx_word' id='word_1_76' title='bbox 853 1341 874 1432; x_wconf 85' lang='grc' dir='ltr'><em>ῆ</em></span> <span class='ocrx_word' id='word_1_77' title='bbox 893 1345 1026 1432; x_wconf 89' lang='grc' dir='ltr'><em>φύσεως</em></span> <span class='ocrx_word' id='word_1_78' title='bbox 1046 1344 1091 1431; x_wconf 91' lang='grc' dir='ltr'><em>α’,</em></span> <span class='ocrx_word' id='word_1_79' title='bbox 1112 1343 1328 1435; x_wconf 80' lang='grc' dir='ltr'><em>Ἀλέξανδρος</em></span> <span class='ocrx_word' id='word_1_80' title='bbox 1346 1344 1367 1434; x_wconf 90' lang='grc' dir='ltr'><em>ῆ</em></span> 
     </span>
     <span class='ocr_line' id='line_1_11' title="bbox 186 1449 1367 1541; baseline 0.003 -23"><span class='ocrx_word' id='word_1_81' title='bbox 186 1479 212 1518; x_wconf 84' lang='grc' dir='ltr'><em>ιο</em></span> <span class='ocrx_word' id='word_1_82' title='bbox 226 1450 308 1539; x_wconf 77' lang='grc' dir='ltr'><em>ὑπὲρ</em></span> <span class='ocrx_word' id='word_1_83' title='bbox 332 1449 494 1519; x_wconf 89' lang='grc' dir='ltr'><em>άποικιῶν</em></span> <span class='ocrx_word' id='word_1_84' title='bbox 518 1449 563 1537; x_wconf 93' lang='grc' dir='ltr'><em>α’,</em></span> <span class='ocrx_word' id='word_1_85' title='bbox 586 1449 626 1518; x_wconf 86' lang='grc' dir='ltr'><em>τοὶ</em></span> <span class='ocrx_word' id='word_1_86' title='bbox 650 1454 685 1520; x_wconf 88' lang='grc' dir='ltr'><em>ἐκ</em></span> <span class='ocrx_word' id='word_1_87' title='bbox 707 1456 776 1520; x_wconf 90' lang='grc' dir='ltr'><em>τῶν</em></span> <span class='ocrx_word' id='word_1_88' title='bbox 799 1451 916 1540; x_wconf 91' lang='grc' dir='ltr'><em>νόμων</em></span> <span class='ocrx_word' id='word_1_89' title='bbox 941 1451 1122 1532; x_wconf 91' lang='grc' dir='ltr'><em>Πλάτωνος</em></span> <span class='ocrx_word' id='word_1_90' title='bbox 1144 1451 1190 1538; x_wconf 90' lang='grc' dir='ltr'><em>β’,</em></span> <span class='ocrx_word' id='word_1_91' title='bbox 1213 1454 1289 1541; x_wconf 88' lang='grc' dir='ltr'><em>περὶ</em></span> <span class='ocrx_word' id='word_1_92' title='bbox 1313 1482 1367 1541; x_wconf 89' lang='grc' dir='ltr'><em>φι-</em></span> 
     </span>
     <span class='ocr_line' id='line_1_12' title="bbox 224 1558 1368 1646; baseline 0.001 -20"><span class='ocrx_word' id='word_1_93' title='bbox 224 1565 296 1638; x_wconf 89' lang='grc' dir='ltr'><em>λίας</em></span> <span class='ocrx_word' id='word_1_94' title='bbox 320 1558 362 1645; x_wconf 90' lang='grc' dir='ltr'><em>γ’,</em></span> <span class='ocrx_word' id='word_1_95' title='bbox 389 1558 464 1645; x_wconf 87' lang='grc' dir='ltr'><em>περὶ</em></span> <span class='ocrx_word' id='word_1_96' title='bbox 488 1560 675 1645; x_wconf 88' lang='grc' dir='ltr'><em>ἐπιστημῶν</em></span> <span class='ocrx_word' id='word_1_97' title='bbox 699 1559 747 1642; x_wconf 89' lang='grc' dir='ltr'><em>α’,</em></span> <span class='ocrx_word' id='word_1_98' title='bbox 774 1560 849 1643; x_wconf 93' lang='grc' dir='ltr'><em>περὶ</em></span> <span class='ocrx_word' id='word_1_99' title='bbox 873 1563 973 1627; x_wconf 85' lang='grc' dir='ltr'><em>είδῶν</em></span> <span class='ocrx_word' id='word_1_100' title='bbox 998 1559 1043 1645; x_wconf 92' lang='grc' dir='ltr'><em>α’,</em></span> <span class='ocrx_word' id='word_1_101' title='bbox 1073 1558 1184 1639; x_wconf 86' lang='grc' dir='ltr'><em>λύσεις</em></span> <span class='ocrx_word' id='word_1_102' title='bbox 1208 1560 1368 1646; x_wconf 82' lang='grc' dir='ltr'><em>ἐριστικαὶ</em></span> 
     </span>
     <span class='ocr_line' id='line_1_13' title="bbox 225 1663 1367 1755; baseline 0.002 -23"><span class='ocrx_word' id='word_1_103' title='bbox 225 1663 270 1750; x_wconf 91' lang='grc' dir='ltr'><em>δ’,</em></span> <span class='ocrx_word' id='word_1_104' title='bbox 302 1666 377 1752; x_wconf 86' lang='grc' dir='ltr'><em>περὶ</em></span> <span class='ocrx_word' id='word_1_105' title='bbox 410 1664 542 1745; x_wconf 88' lang='grc' dir='ltr'><em>πάθους</em></span> <span class='ocrx_word' id='word_1_106' title='bbox 574 1663 676 1752; x_wconf 88' lang='grc' dir='ltr'><em>ὀργῆς</em></span> <span class='ocrx_word' id='word_1_107' title='bbox 705 1665 750 1752; x_wconf 89' lang='grc' dir='ltr'><em>α’,</em></span> <span class='ocrx_word' id='word_1_108' title='bbox 784 1668 962 1753; x_wconf 75' lang='grc' dir='ltr'><em>διαιρέσεις</em></span> <span class='ocrx_word' id='word_1_109' title='bbox 994 1667 1184 1753; x_wconf 82' lang='grc' dir='ltr'><em>σοφιστικαὶ</em></span> <span class='ocrx_word' id='word_1_110' title='bbox 1214 1666 1259 1752; x_wconf 89' lang='grc' dir='ltr'><em>α’,</em></span> <span class='ocrx_word' id='word_1_111' title='bbox 1292 1668 1367 1755; x_wconf 92' lang='grc' dir='ltr'><em>περὶ</em></span> 
     </span>
     <span class='ocr_line' id='line_1_14' title="bbox 224 1767 1368 1861; baseline 0.003 -22"><span class='ocrx_word' id='word_1_112' title='bbox 224 1773 387 1839; x_wconf 81' lang='grc' dir='ltr'><em>ἐναντίων</em></span> <span class='ocrx_word' id='word_1_113' title='bbox 412 1769 457 1857; x_wconf 88' lang='grc' dir='ltr'><em>α’,</em></span> <span class='ocrx_word' id='word_1_114' title='bbox 486 1767 734 1859; x_wconf 79' lang='grc' dir='ltr'><em>ὑπομνημάτων</em></span> <span class='ocrx_word' id='word_1_115' title='bbox 758 1774 1007 1860; x_wconf 88' lang='grc' dir='ltr'><em>ἐπιχειρητικῶν</em></span> <span class='ocrx_word' id='word_1_116' title='bbox 1030 1772 1073 1860; x_wconf 87' lang='grc' dir='ltr'><em>γ’,</em></span> <span class='ocrx_word' id='word_1_117' title='bbox 1096 1773 1271 1860; x_wconf 78' lang='grc' dir='ltr'><em>προτάσεις</em></span> <span class='ocrx_word' id='word_1_118' title='bbox 1293 1775 1368 1861; x_wconf 91' lang='grc' dir='ltr'><em>περὶ</em></span> 
     </span>
     <span class='ocr_line' id='line_1_15' title="bbox 224 1870 1370 1967; baseline 0.003 -23"><span class='ocrx_word' id='word_1_119' title='bbox 224 1875 342 1964; x_wconf 91' lang='grc' dir='ltr'><em>άρετῆς</em></span> <span class='ocrx_word' id='word_1_120' title='bbox 360 1877 407 1964; x_wconf 91' lang='grc' dir='ltr'><em>β’,</em></span> <span class='ocrx_word' id='word_1_121' title='bbox 430 1879 507 1967; x_wconf 89' lang='grc' dir='ltr'><em>περὶ</em></span> <span class='ocrx_word' id='word_1_122' title='bbox 526 1884 699 1966; x_wconf 84' lang='grc' dir='ltr'><em>στοιχείων</em></span> <span class='ocrx_word' id='word_1_123' title='bbox 717 1880 763 1965; x_wconf 92' lang='grc' dir='ltr'><em>γ’,</em></span> <span class='ocrx_word' id='word_1_124' title='bbox 782 1879 951 1959; x_wconf 82' lang='grc' dir='ltr'><em>ἐνστάσεις</em></span> <span class='ocrx_word' id='word_1_125' title='bbox 970 1879 1017 1965; x_wconf 93' lang='grc' dir='ltr'><em>α’,</em></span> <span class='ocrx_word' id='word_1_126' title='bbox 1035 1870 1112 1967; x_wconf 86' lang='grc' dir='ltr'><em>περὶ</em></span> <span class='ocrx_word' id='word_1_127' title='bbox 1129 1884 1196 1948; x_wconf 90' lang='grc' dir='ltr'><em>τῶν</em></span> <span class='ocrx_word' id='word_1_128' title='bbox 1216 1885 1370 1967; x_wconf 80' lang='grc' dir='ltr'><em>ποσαχῶς</em></span> 
     </span>
     <span class='ocr_line' id='line_1_16' title="bbox 187 1982 1368 2075; baseline 0.003 -24"><span class='ocrx_word' id='word_1_129' title='bbox 187 2012 212 2052; x_wconf 85' lang='lat'><em>15</em></span> <span class='ocrx_word' id='word_1_130' title='bbox 226 1987 417 2072; x_wconf 88' lang='grc' dir='ltr'><em>λεγομένων</em></span> <span class='ocrx_word' id='word_1_131' title='bbox 442 1982 462 2073; x_wconf 87' lang='grc' dir='ltr'><em>ῆ</em></span> <span class='ocrx_word' id='word_1_132' title='bbox 486 1991 554 2055; x_wconf 91' lang='grc' dir='ltr'><em>τῶν</em></span> <span class='ocrx_word' id='word_1_133' title='bbox 577 1986 659 2055; x_wconf 82' lang='grc' dir='ltr'><em>κατὰ</em></span> <span class='ocrx_word' id='word_1_134' title='bbox 682 1986 848 2074; x_wconf 78' lang='grc' dir='ltr'><em>πρόθεσιν</em></span> <span class='ocrx_word' id='word_1_135' title='bbox 872 1986 917 2073; x_wconf 88' lang='grc' dir='ltr'><em>α’,</em></span> <span class='ocrx_word' id='word_1_136' title='bbox 945 1987 1139 2074; x_wconf 90' lang='grc' dir='ltr'><em>προτάσεων</em></span> <span class='ocrx_word' id='word_1_137' title='bbox 1162 1987 1208 2075; x_wconf 88' lang='grc' dir='ltr'><em>α’,</em></span> <span class='ocrx_word' id='word_1_138' title='bbox 1236 1984 1368 2075; x_wconf 90' lang='grc' dir='ltr'><em>ῆθικῶν</em></span> 
     </span>
     <span class='ocr_line' id='line_1_17' title="bbox 224 2091 1370 2182; baseline 0.003 -23"><span class='ocrx_word' id='word_1_139' title='bbox 224 2093 268 2177; x_wconf 89' lang='grc' dir='ltr'><em>κ’,</em></span> <span class='ocrx_word' id='word_1_140' title='bbox 295 2093 371 2179; x_wconf 92' lang='grc' dir='ltr'><em>περὶ</em></span> <span class='ocrx_word' id='word_1_141' title='bbox 395 2093 583 2180; x_wconf 81' lang='grc' dir='ltr'><em>ἐρωτήσεως</em></span> <span class='ocrx_word' id='word_1_142' title='bbox 607 2095 662 2161; x_wconf 90' lang='grc' dir='ltr'><em>καὶ</em></span> <span class='ocrx_word' id='word_1_143' title='bbox 685 2091 890 2181; x_wconf 84' lang='grc' dir='ltr'><em>ἀποκρίσεως</em></span> <span class='ocrx_word' id='word_1_144' title='bbox 914 2093 958 2179; x_wconf 90' lang='grc' dir='ltr'><em>α’,</em></span> <span class='ocrx_word' id='word_1_145' title='bbox 982 2093 1175 2182; x_wconf 89' lang='grc' dir='ltr'><em>προτάσεων</em></span> <span class='ocrx_word' id='word_1_146' title='bbox 1194 2097 1370 2181; x_wconf 78' lang='grc' dir='ltr'><em>ἐριστικῶν</em></span> 
     </span>
     <span class='ocr_line' id='line_1_18' title="bbox 226 2196 1369 2287; baseline 0.003 -22"><span class='ocrx_word' id='word_1_147' title='bbox 226 2196 274 2283; x_wconf 89' lang='grc' dir='ltr'><em>α’,</em></span> <span class='ocrx_word' id='word_1_148' title='bbox 292 2199 367 2287; x_wconf 91' lang='grc' dir='ltr'><em>περὶ</em></span> <span class='ocrx_word' id='word_1_149' title='bbox 388 2200 478 2278; x_wconf 89' lang='grc' dir='ltr'><em>ίδέας</em></span> <span class='ocrx_word' id='word_1_150' title='bbox 497 2198 541 2286; x_wconf 88' lang='grc' dir='ltr'><em>α’,</em></span> <span class='ocrx_word' id='word_1_151' title='bbox 560 2197 770 2268; x_wconf 92' lang='grc' dir='ltr'><em>άναλυτικῶν</em></span> <span class='ocrx_word' id='word_1_152' title='bbox 789 2201 961 2287; x_wconf 79' lang='grc' dir='ltr'><em>προτέρων</em></span> <span class='ocrx_word' id='word_1_153' title='bbox 980 2199 1026 2286; x_wconf 89' lang='grc' dir='ltr'><em>β’,</em></span> <span class='ocrx_word' id='word_1_154' title='bbox 1045 2198 1256 2274; x_wconf 89' lang='grc' dir='ltr'><em>άναλυτικῶν</em></span> <span class='ocrx_word' id='word_1_155' title='bbox 1275 2197 1369 2269; x_wconf 86' lang='grc' dir='ltr'><em>ύστέ·</em></span> 
     </span>
     <span class='ocr_line' id='line_1_19' title="bbox 226 2301 1370 2394; baseline 0 -22"><span class='ocrx_word' id='word_1_156' title='bbox 226 2331 296 2392; x_wconf 93' lang='grc' dir='ltr'><em>ρων</em></span> <span class='ocrx_word' id='word_1_157' title='bbox 330 2305 377 2392; x_wconf 91' lang='grc' dir='ltr'><em>β’,</em></span> <span class='ocrx_word' id='word_1_158' title='bbox 413 2301 672 2393; x_wconf 85' lang='grc' dir='ltr'><em>προβλημάτων,</em></span> <span class='ocrx_word' id='word_1_159' title='bbox 704 2305 885 2393; x_wconf 91' lang='grc' dir='ltr'><em>μεθοδικά,</em></span> <span class='ocrx_word' id='word_1_160' title='bbox 917 2308 993 2394; x_wconf 92' lang='grc' dir='ltr'><em>περὶ</em></span> <span class='ocrx_word' id='word_1_161' title='bbox 1024 2311 1085 2376; x_wconf 85' lang='grc' dir='ltr'><em>τοῶ</em></span> <span class='ocrx_word' id='word_1_162' title='bbox 1118 2310 1289 2392; x_wconf 89' lang='grc' dir='ltr'><em>βελτίονος</em></span> <span class='ocrx_word' id='word_1_163' title='bbox 1321 2306 1370 2391; x_wconf 90' lang='grc' dir='ltr'><em>α’,</em></span> 
     </span>
     <span class='ocr_line' id='line_1_20' title="bbox 227 2411 1370 2501; baseline 0.002 -22"><span class='ocrx_word' id='word_1_164' title='bbox 227 2417 460 2500; x_wconf 89' lang='grc' dir='ltr'><em>συλλογισμῶν</em></span> <span class='ocrx_word' id='word_1_165' title='bbox 487 2413 535 2500; x_wconf 93' lang='grc' dir='ltr'><em>β’,</em></span> <span class='ocrx_word' id='word_1_166' title='bbox 567 2416 829 2499; x_wconf 81' lang='grc' dir='ltr'><em>συλλογιστικῶν</em></span> <span class='ocrx_word' id='word_1_167' title='bbox 860 2411 951 2501; x_wconf 81' lang='grc' dir='ltr'><em>ὅρων</em></span> <span class='ocrx_word' id='word_1_168' title='bbox 979 2413 1024 2500; x_wconf 89' lang='grc' dir='ltr'><em>α’,</em></span> <span class='ocrx_word' id='word_1_169' title='bbox 1054 2414 1129 2500; x_wconf 89' lang='grc' dir='ltr'><em>περὶ</em></span> <span class='ocrx_word' id='word_1_170' title='bbox 1157 2416 1291 2501; x_wconf 81' lang='grc' dir='ltr'><em>αι’ρετού</em></span> <span class='ocrx_word' id='word_1_171' title='bbox 1315 2415 1370 2482; x_wconf 90' lang='grc' dir='ltr'><em>καὶ</em></span> 
     </span>
    </p>
   </div>
   <div class='ocr_carea' id='block_1_3' title="bbox 186 2517 1373 3034">
    <p class='ocr_par' dir='ltr' id='par_1_3' title="bbox 186 2517 1373 3034">
     <span class='ocr_line' id='line_1_21' title="bbox 186 2517 1370 2608; baseline 0.001 -22"><span class='ocrx_word' id='word_1_172' title='bbox 186 2547 213 2587; x_wconf 78' lang='grc' dir='ltr'><em>το</em></span> <span class='ocrx_word' id='word_1_173' title='bbox 228 2524 473 2605; x_wconf 86' lang='grc' dir='ltr'><em>συμβαίνοντος</em></span> <span class='ocrx_word' id='word_1_174' title='bbox 500 2518 545 2606; x_wconf 91' lang='grc' dir='ltr'><em>α’,</em></span> <span class='ocrx_word' id='word_1_175' title='bbox 573 2518 613 2588; x_wconf 83' lang='grc' dir='ltr'><em>τά</em></span> <span class='ocrx_word' id='word_1_176' title='bbox 639 2517 704 2607; x_wconf 82' lang='grc' dir='ltr'><em>πρὸ</em></span> <span class='ocrx_word' id='word_1_177' title='bbox 732 2524 800 2587; x_wconf 94' lang='grc' dir='ltr'><em>τῶν</em></span> <span class='ocrx_word' id='word_1_178' title='bbox 826 2519 938 2588; x_wconf 90' lang='grc' dir='ltr'><em>τόπων</em></span> <span class='ocrx_word' id='word_1_179' title='bbox 965 2520 1009 2608; x_wconf 92' lang='grc' dir='ltr'><em>α’,</em></span> <span class='ocrx_word' id='word_1_180' title='bbox 1035 2521 1110 2607; x_wconf 86' lang='grc' dir='ltr'><em>περὶ</em></span> <span class='ocrx_word' id='word_1_181' title='bbox 1134 2521 1298 2588; x_wconf 83' lang='grc' dir='ltr'><em>ἑκουσίων</em></span> <span class='ocrx_word' id='word_1_182' title='bbox 1322 2520 1370 2606; x_wconf 95' lang='grc' dir='ltr'><em>α’,</em></span> 
     </span>
     <span class='ocr_line' id='line_1_22' title="bbox 228 2623 1371 2713; baseline -0.003 -19"><span class='ocrx_word' id='word_1_183' title='bbox 228 2630 375 2694; x_wconf 88' lang='grc' dir='ltr'><em>τοπικῶν</em></span> <span class='ocrx_word' id='word_1_184' title='bbox 403 2625 487 2710; x_wconf 91' lang='grc' dir='ltr'><em>πρὸς</em></span> <span class='ocrx_word' id='word_1_185' title='bbox 508 2624 587 2705; x_wconf 82' lang='grc' dir='ltr'><em>τοὺς</em></span> <span class='ocrx_word' id='word_1_186' title='bbox 611 2623 711 2713; x_wconf 83' lang='grc' dir='ltr'><em>ὅρους</em></span> <span class='ocrx_word' id='word_1_187' title='bbox 733 2626 789 2692; x_wconf 94' lang='grc' dir='ltr'><em>καὶ</em></span> <span class='ocrx_word' id='word_1_188' title='bbox 812 2624 905 2713; x_wconf 90' lang='grc' dir='ltr'><em>πάθη</em></span> <span class='ocrx_word' id='word_1_189' title='bbox 930 2624 976 2712; x_wconf 93' lang='grc' dir='ltr'><em>α’,</em></span> <span class='ocrx_word' id='word_1_190' title='bbox 1002 2623 1153 2713; x_wconf 84' lang='grc' dir='ltr'><em>ὁρισμῶν</em></span> <span class='ocrx_word' id='word_1_191' title='bbox 1175 2630 1289 2712; x_wconf 92' lang='grc' dir='ltr'><em>βιβλία</em></span> <span class='ocrx_word' id='word_1_192' title='bbox 1313 2626 1371 2712; x_wconf 90' lang='grc' dir='ltr'><em>ιγ’,</em></span> 
     </span>
     <span class='ocr_line' id='line_1_23' title="bbox 227 2731 1373 2821; baseline 0 -21"><span class='ocrx_word' id='word_1_193' title='bbox 227 2733 488 2821; x_wconf 81' lang='grc' dir='ltr'><em>ἐπιχειρημάτων</em></span> <span class='ocrx_word' id='word_1_194' title='bbox 512 2732 557 2819; x_wconf 89' lang='grc' dir='ltr'><em>β’,</em></span> <span class='ocrx_word' id='word_1_195' title='bbox 585 2734 661 2819; x_wconf 87' lang='grc' dir='ltr'><em>περὶ</em></span> <span class='ocrx_word' id='word_1_196' title='bbox 683 2734 826 2812; x_wconf 83' lang='grc' dir='ltr'><em>κάλλους</em></span> <span class='ocrx_word' id='word_1_197' title='bbox 849 2733 894 2819; x_wconf 92' lang='grc' dir='ltr'><em>α’,</em></span> <span class='ocrx_word' id='word_1_198' title='bbox 921 2733 997 2819; x_wconf 92' lang='grc' dir='ltr'><em>περὶ</em></span> <span class='ocrx_word' id='word_1_199' title='bbox 1021 2735 1161 2800; x_wconf 92' lang='grc' dir='ltr'><em>δικαίων</em></span> <span class='ocrx_word' id='word_1_200' title='bbox 1184 2731 1230 2819; x_wconf 95' lang='grc' dir='ltr'><em>β’,</em></span> <span class='ocrx_word' id='word_1_201' title='bbox 1259 2734 1373 2813; x_wconf 89' lang='grc' dir='ltr'><em>θέσεις</em></span> 
     </span>
     <span class='ocr_line' id='line_1_24' title="bbox 227 2838 1373 2928; baseline -0.001 -21"><span class='ocrx_word' id='word_1_202' title='bbox 227 2841 509 2928; x_wconf 83' lang='grc' dir='ltr'><em>ἐπιχειρηματικαὶ</em></span> <span class='ocrx_word' id='word_1_203' title='bbox 537 2842 574 2907; x_wconf 89' lang='grc' dir='ltr'><em>έν</em></span> <span class='ocrx_word' id='word_1_204' title='bbox 599 2844 743 2925; x_wconf 92' lang='grc' dir='ltr'><em>βιβλίοις</em></span> <span class='ocrx_word' id='word_1_205' title='bbox 766 2838 827 2924; x_wconf 89' lang='grc' dir='ltr'><em>κε’,</em></span> <span class='ocrx_word' id='word_1_206' title='bbox 856 2841 969 2919; x_wconf 85' lang='grc' dir='ltr'><em>θέσεις</em></span> <span class='ocrx_word' id='word_1_207' title='bbox 992 2840 1145 2927; x_wconf 87' lang='grc' dir='ltr'><em>ἐρωτικαὶ</em></span> <span class='ocrx_word' id='word_1_208' title='bbox 1168 2842 1205 2907; x_wconf 85' lang='grc' dir='ltr'><em>έν</em></span> <span class='ocrx_word' id='word_1_209' title='bbox 1228 2845 1373 2926; x_wconf 91' lang='grc' dir='ltr'><em>βιβλίοις</em></span> 
     </span>
     <span class='ocr_line' id='line_1_25' title="bbox 228 2946 1372 3034; baseline 0 -20"><span class='ocrx_word' id='word_1_210' title='bbox 228 2946 274 3033; x_wconf 90' lang='grc' dir='ltr'><em>δ’,</em></span> <span class='ocrx_word' id='word_1_211' title='bbox 303 2949 415 3026; x_wconf 87' lang='grc' dir='ltr'><em>θέσεις</em></span> <span class='ocrx_word' id='word_1_212' title='bbox 443 2947 572 3032; x_wconf 92' lang='grc' dir='ltr'><em>φιλικαὶ</em></span> <span class='ocrx_word' id='word_1_213' title='bbox 601 2947 637 3012; x_wconf 90' lang='grc' dir='ltr'><em>έν</em></span> <span class='ocrx_word' id='word_1_214' title='bbox 663 2951 807 3032; x_wconf 89' lang='grc' dir='ltr'><em>βιβλίοις</em></span> <span class='ocrx_word' id='word_1_215' title='bbox 828 2948 872 3034; x_wconf 88' lang='grc' dir='ltr'><em>β’,</em></span> <span class='ocrx_word' id='word_1_216' title='bbox 900 2948 1011 3027; x_wconf 88' lang='grc' dir='ltr'><em>θέσεις</em></span> <span class='ocrx_word' id='word_1_217' title='bbox 1034 2947 1108 3030; x_wconf 90' lang='grc' dir='ltr'><em>περὶ</em></span> <span class='ocrx_word' id='word_1_218' title='bbox 1130 2950 1239 3034; x_wconf 79' lang='grc' dir='ltr'><em>ψυχῆς</em></span> <span class='ocrx_word' id='word_1_219' title='bbox 1262 2949 1299 3015; x_wconf 86' lang='grc' dir='ltr'><em>ἐν</em></span> <span class='ocrx_word' id='word_1_220' title='bbox 1323 2953 1372 3032; x_wconf 93' lang='grc' dir='ltr'><em>βι-</em></span> 
     </span>
    </p>
   </div>
   <div class='ocr_carea' id='block_1_4' title="bbox 181 3100 1411 4545">
    <p class='ocr_par' dir='ltr' id='par_1_4' title="bbox 227 3100 1374 3979">
     <span class='ocr_line' id='line_1_26' title="bbox 283 3100 1371 3177; baseline 0.001 -16"><span class='ocrx_word' id='word_1_221' title='bbox 283 3117 295 3162; x_wconf 88' lang='lat' dir='ltr'>l</span> <span class='ocrx_word' id='word_1_222' title='bbox 317 3105 489 3177; x_wconf 83' lang='grc' dir='ltr'><em>Πραξιτέλης</em></span> <span class='ocrx_word' id='word_1_223' title='bbox 507 3112 557 3161; x_wconf 78' lang='lat' dir='ltr'><em>aut</em></span> <span class='ocrx_word' id='word_1_224' title='bbox 575 3123 609 3162; x_wconf 83' lang='lat' dir='ltr'><em>ex</em></span> <span class='ocrx_word' id='word_1_225' title='bbox 627 3100 814 3175; x_wconf 84' lang='grc' dir='ltr'><em>Πραξιφάνης</em></span> <span class='ocrx_word' id='word_1_226' title='bbox 832 3105 952 3161; x_wconf 80' lang='lat' dir='ltr'><strong>nominis</strong></span> <span class='ocrx_word' id='word_1_227' title='bbox 971 3107 1139 3176; x_wconf 80' lang='lat' dir='ltr'><strong>compendio</strong></span> <span class='ocrx_word' id='word_1_228' title='bbox 1157 3108 1253 3161; x_wconf 79' lang='lat' dir='ltr'><strong>fiotum</strong></span> <span class='ocrx_word' id='word_1_229' title='bbox 1273 3109 1323 3162; x_wconf 68' lang='lat' dir='ltr'><em>aut</em></span> <span class='ocrx_word' id='word_1_230' title='bbox 1341 3107 1371 3162; x_wconf 88' lang='lat' dir='ltr'><em>in</em></span> 
     </span>
     <span class='ocr_line' id='line_1_27' title="bbox 228 3180 1373 3258; baseline 0 -16"><span class='ocrx_word' id='word_1_231' title='bbox 228 3180 371 3258; x_wconf 79' lang='grc' dir='ltr'><em>Πασικλῆς</em></span> <span class='ocrx_word' id='word_1_232' title='bbox 393 3187 558 3243; x_wconf 78' lang='lat' dir='ltr'><strong>mutandum</strong></span> <span class='ocrx_word' id='word_1_233' title='bbox 577 3185 686 3241; x_wconf 66' lang='lat' dir='ltr'>censuit</span> <span class='ocrx_word' id='word_1_234' title='bbox 705 3185 819 3252; x_wconf 81' lang='grc' dir='ltr'><em>Ρνιλλιν,</em></span> <span class='ocrx_word' id='word_1_235' title='bbox 837 3185 872 3240; x_wconf 84' lang='lat' dir='ltr'><em>de</em></span> <span class='ocrx_word' id='word_1_236' title='bbox 890 3185 1068 3256; x_wconf 74' lang='lat' dir='ltr'><strong>Praxiphane</strong></span> <span class='ocrx_word' id='word_1_237' title='bbox 1086 3205 1113 3256; x_wconf 91' lang='lat' dir='ltr'><em>p.</em></span> <span class='ocrx_word' id='word_1_238' title='bbox 1134 3192 1150 3241; x_wconf 92' lang='lat'>8</span> <span class='ocrx_word' id='word_1_239' title='bbox 1226 3193 1243 3240; x_wconf 85' lang='lat'>4</span> <span class='ocrx_word' id='word_1_240' title='bbox 1262 3184 1373 3258; x_wconf 70' lang='grc' dir='ltr'><em>ῥητορι-</em></span> 
     </span>
     <span class='ocr_line' id='line_1_28' title="bbox 227 3265 1372 3339; baseline -0.001 -16"><span class='ocrx_word' id='word_1_241' title='bbox 227 3270 279 3338; x_wconf 79' lang='grc' dir='ltr'><em>κῆς</em></span> <span class='ocrx_word' id='word_1_242' title='bbox 297 3285 348 3339; x_wconf 88' lang='lat' dir='ltr'><em>pro</em></span> <span class='ocrx_word' id='word_1_243' title='bbox 371 3272 459 3322; x_wconf 85' lang='grc' dir='ltr'><em>πολιτ.</em></span> <span class='ocrx_word' id='word_1_244' title='bbox 484 3285 518 3323; x_wconf 87' lang='lat' dir='ltr'><em>ex</em></span> <span class='ocrx_word' id='word_1_245' title='bbox 536 3267 616 3336; x_wconf 85' lang='lat' dir='ltr'>Diog.</span> <span class='ocrx_word' id='word_1_246' title='bbox 636 3265 727 3321; x_wconf 73' lang='grc' dir='ltr'><em>Ιιοοιι.</em></span> <span class='ocrx_word' id='word_1_247' title='bbox 748 3265 781 3333; x_wconf 84' lang='lat' dir='ltr'><em>V,</em></span> <span class='ocrx_word' id='word_1_248' title='bbox 800 3271 833 3321; x_wconf 94' lang='grc'><em>22</em></span> <span class='ocrx_word' id='word_1_249' title='bbox 855 3266 1005 3335; x_wconf 83' lang='grc' dir='ltr'><em>Μεκογίκε</em></span> <span class='ocrx_word' id='word_1_250' title='bbox 1094 3272 1110 3320; x_wconf 81' lang='lat'>5</span> <span class='ocrx_word' id='word_1_251' title='bbox 1135 3265 1280 3337; x_wconf 81' lang='grc' dir='ltr'><em>Κόρινθος</em></span> <span class='ocrx_word' id='word_1_252' title='bbox 1303 3285 1372 3323; x_wconf 82' lang='lat' dir='ltr'>corr.</span> 
     </span>
     <span class='ocr_line' id='line_1_29' title="bbox 228 3340 1373 3421; baseline -0.002 -17"><span class='ocrx_word' id='word_1_253' title='bbox 228 3349 301 3405; x_wconf 81' lang='grc' dir='ltr'><em>Ιὶοει</em></span> <span class='ocrx_word' id='word_1_254' title='bbox 357 3343 491 3418; x_wconf 81' lang='grc' dir='ltr'><em>σοφιστής</em></span> <span class='ocrx_word' id='word_1_255' title='bbox 510 3365 578 3404; x_wconf 81' lang='lat' dir='ltr'><strong>corr.</strong></span> <span class='ocrx_word' id='word_1_256' title='bbox 599 3348 682 3415; x_wconf 74' lang='lat' dir='ltr'><em>Rosa,</em></span> <span class='ocrx_word' id='word_1_257' title='bbox 703 3345 768 3415; x_wconf 85' lang='grc' dir='ltr'><em>περὶ</em></span> <span class='ocrx_word' id='word_1_258' title='bbox 780 3340 872 3421; x_wconf 75' lang='grc' dir='ltr'><em>εὐχῆς</em></span> <span class='ocrx_word' id='word_1_259' title='bbox 890 3342 964 3419; x_wconf 80' lang='grc' dir='ltr'><em>(α’)</em></span> <span class='ocrx_word' id='word_1_260' title='bbox 983 3363 1051 3402; x_wconf 82' lang='lat' dir='ltr'>corr.</span> <span class='ocrx_word' id='word_1_261' title='bbox 1071 3347 1142 3402; x_wconf 82' lang='grc' dir='ltr'><em>Ιὶοεε</em></span> <span class='ocrx_word' id='word_1_262' title='bbox 1205 3354 1221 3402; x_wconf 86' lang='grc'><strong>6</strong></span> <span class='ocrx_word' id='word_1_263' title='bbox 1241 3343 1373 3415; x_wconf 81' lang='grc' dir='ltr'><em>έρῶτικος</em></span> 
     </span>
     <span class='ocr_line' id='line_1_30' title="bbox 228 3421 1374 3497; baseline 0.002 -15"><span class='ocrx_word' id='word_1_264' title='bbox 228 3429 324 3485; x_wconf 81' lang='grc' dir='ltr'><em>Αυοδν.</em></span> <span class='ocrx_word' id='word_1_265' title='bbox 416 3435 430 3484; x_wconf 79' lang='grc'><strong>7</strong></span> <span class='ocrx_word' id='word_1_266' title='bbox 450 3445 519 3483; x_wconf 87' lang='lat' dir='ltr'>corr.</span> <span class='ocrx_word' id='word_1_267' title='bbox 537 3423 740 3496; x_wconf 85' lang='grc' dir='ltr'><em>προτρεπτικὸς</em></span> <span class='ocrx_word' id='word_1_268' title='bbox 758 3421 789 3480; x_wconf 90' lang='grc' dir='ltr'><em>α’</em></span> <span class='ocrx_word' id='word_1_269' title='bbox 878 3425 960 3481; x_wconf 67' lang='grc' dir='ltr'><em>θὶῶο</em></span> <span class='ocrx_word' id='word_1_270' title='bbox 978 3423 1134 3497; x_wconf 84' lang='grc' dir='ltr'><em>συμπόσιον</em></span> <span class='ocrx_word' id='word_1_271' title='bbox 1153 3423 1184 3481; x_wconf 95' lang='grc' dir='ltr'><em>α’</em></span> <span class='ocrx_word' id='word_1_272' title='bbox 1204 3444 1272 3483; x_wconf 84' lang='lat' dir='ltr'>corr.</span> <span class='ocrx_word' id='word_1_273' title='bbox 1292 3428 1374 3495; x_wconf 81' lang='lat' dir='ltr'><strong><em>Rose,</em></strong></span> 
     </span>
     <span class='ocr_line' id='line_1_31' title="bbox 229 3502 1373 3578; baseline -0.001 -17"><span class='ocrx_word' id='word_1_274' title='bbox 229 3512 302 3562; x_wconf 89' lang='grc' dir='ltr'><em>συλλ.</em></span> <span class='ocrx_word' id='word_1_275' title='bbox 321 3507 396 3563; x_wconf 78' lang='lat' dir='ltr'><strong>infra</strong></span> <span class='ocrx_word' id='word_1_276' title='bbox 413 3508 431 3562; x_wconf 90' lang='lat' dir='ltr'><em>l.</em></span> <span class='ocrx_word' id='word_1_277' title='bbox 448 3514 481 3562; x_wconf 85' lang='grc'><em>19</em></span> <span class='ocrx_word' id='word_1_278' title='bbox 500 3507 602 3562; x_wconf 72' lang='lat' dir='ltr'><strong>rectius</strong></span> <span class='ocrx_word' id='word_1_279' title='bbox 621 3506 743 3561; x_wconf 60' lang='lat' dir='ltr'>occurrit</span> <span class='ocrx_word' id='word_1_280' title='bbox 820 3512 852 3560; x_wconf 90' lang='lat'><em>10</em></span> <span class='ocrx_word' id='word_1_281' title='bbox 870 3505 956 3562; x_wconf 81' lang='lat' dir='ltr'>fuisse</span> <span class='ocrx_word' id='word_1_282' title='bbox 975 3502 1010 3560; x_wconf 85' lang='grc' dir='ltr'><em>τά</em></span> <span class='ocrx_word' id='word_1_283' title='bbox 1030 3503 1062 3561; x_wconf 81' lang='grc' dir='ltr'><em>ἐκ</em></span> <span class='ocrx_word' id='word_1_284' title='bbox 1085 3507 1141 3561; x_wconf 92' lang='grc' dir='ltr'><em>τῶν</em></span> <span class='ocrx_word' id='word_1_285' title='bbox 1161 3502 1256 3578; x_wconf 89' lang='grc' dir='ltr'><em>νόμων</em></span> <span class='ocrx_word' id='word_1_286' title='bbox 1274 3503 1373 3578; x_wconf 75' lang='grc' dir='ltr'><em>(Πλά-</em></span> 
     </span>
     <span class='ocr_line' id='line_1_32' title="bbox 228 3583 1374 3661; baseline -0.002 -17"><span class='ocrx_word' id='word_1_287' title='bbox 228 3610 316 3652; x_wconf 89' lang='grc' dir='ltr'><em>τωνος</em></span> <span class='ocrx_word' id='word_1_288' title='bbox 338 3586 376 3659; x_wconf 92' lang='grc' dir='ltr'><em>γ’.</em></span> <span class='ocrx_word' id='word_1_289' title='bbox 399 3586 433 3642; x_wconf 86' lang='grc' dir='ltr'><em>τά</em></span> <span class='ocrx_word' id='word_1_290' title='bbox 459 3586 490 3643; x_wconf 80' lang='grc' dir='ltr'><em>ἐκ</em></span> <span class='ocrx_word' id='word_1_291' title='bbox 515 3589 565 3658; x_wconf 87' lang='grc' dir='ltr'><em>τῆς</em></span> <span class='ocrx_word' id='word_1_292' title='bbox 586 3587 749 3661; x_wconf 77' lang='grc' dir='ltr'><em>πολιτείας)</em></span> <span class='ocrx_word' id='word_1_293' title='bbox 772 3583 924 3648; x_wconf 89' lang='grc' dir='ltr'><em>Πλάτωνος</em></span> <span class='ocrx_word' id='word_1_294' title='bbox 947 3583 975 3660; x_wconf 92' lang='grc' dir='ltr'><em>β’</em></span> <span class='ocrx_word' id='word_1_295' title='bbox 999 3588 1081 3656; x_wconf 72' lang='lat' dir='ltr'>putat</span> <span class='ocrx_word' id='word_1_296' title='bbox 1103 3587 1175 3642; x_wconf 82' lang='lat' dir='ltr'><em>Rose</em></span> <span class='ocrx_word' id='word_1_297' title='bbox 1252 3595 1283 3641; x_wconf 91' lang='lat'><em>11</em></span> <span class='ocrx_word' id='word_1_298' title='bbox 1308 3591 1374 3657; x_wconf 76' lang='lat' dir='ltr'><strong>post</strong></span> 
     </span>
     <span class='ocr_line' id='line_1_33' title="bbox 229 3659 1373 3740; baseline -0.003 -16"><span class='ocrx_word' id='word_1_299' title='bbox 229 3665 316 3724; x_wconf 83' lang='grc' dir='ltr'><em>ἐπιοτ.</em></span> <span class='ocrx_word' id='word_1_300' title='bbox 336 3685 370 3723; x_wconf 84' lang='lat' dir='ltr'><em>ex</em></span> <span class='ocrx_word' id='word_1_301' title='bbox 384 3669 508 3725; x_wconf 81' lang='grc' dir='ltr'><em>Ακιθνοε.</em></span> <span class='ocrx_word' id='word_1_302' title='bbox 527 3668 659 3739; x_wconf 78' lang='grc' dir='ltr'><em>περὶτοῦ</em></span> <span class='ocrx_word' id='word_1_303' title='bbox 679 3664 798 3736; x_wconf 84' lang='grc' dir='ltr'><em>πάσχειν</em></span> <span class='ocrx_word' id='word_1_304' title='bbox 816 3659 834 3735; x_wconf 82' lang='grc' dir='ltr'><em>ῆ</em></span> <span class='ocrx_word' id='word_1_305' title='bbox 854 3663 1033 3721; x_wconf 81' lang='grc' dir='ltr'><em>πεπονθέναι</em></span> <span class='ocrx_word' id='word_1_306' title='bbox 1046 3663 1123 3740; x_wconf 88' lang='grc' dir='ltr'><em>&lt;α&gt;’.</em></span> <span class='ocrx_word' id='word_1_307' title='bbox 1142 3665 1208 3737; x_wconf 88' lang='grc' dir='ltr'><em>περὶ</em></span> <span class='ocrx_word' id='word_1_308' title='bbox 1227 3663 1373 3737; x_wconf 83' lang='grc' dir='ltr'><em>ἐριστικῶν</em></span> 
     </span>
     <span class='ocr_line' id='line_1_34' title="bbox 228 3741 1373 3822; baseline -0.003 -20"><span class='ocrx_word' id='word_1_309' title='bbox 228 3743 318 3818; x_wconf 89' lang='grc' dir='ltr'><em>λόγων</em></span> <span class='ocrx_word' id='word_1_310' title='bbox 337 3745 365 3822; x_wconf 91' lang='grc' dir='ltr'><em>β’</em></span> <span class='ocrx_word' id='word_1_311' title='bbox 386 3749 476 3817; x_wconf 85' lang='lat' dir='ltr'>suppl.</span> <span class='ocrx_word' id='word_1_312' title='bbox 495 3749 566 3804; x_wconf 82' lang='grc' dir='ltr'><em>Ιὶοεο</em></span> <span class='ocrx_word' id='word_1_313' title='bbox 640 3753 671 3802; x_wconf 89' lang='grc'><em>12</em></span> <span class='ocrx_word' id='word_1_314' title='bbox 695 3746 810 3809; x_wconf 84' lang='grc' dir='ltr'><em>παθοῶς</em></span> <span class='ocrx_word' id='word_1_315' title='bbox 827 3747 952 3802; x_wconf 80' lang='grc' dir='ltr'><em>Ακιδνοε.</em></span> <span class='ocrx_word' id='word_1_316' title='bbox 976 3745 1080 3800; x_wconf 85' lang='grc' dir='ltr'><em>παθῶν</em></span> <span class='ocrx_word' id='word_1_317' title='bbox 1099 3746 1181 3818; x_wconf 80' lang='grc' dir='ltr'><em>Πίογ,</em></span> <span class='ocrx_word' id='word_1_318' title='bbox 1259 3752 1291 3800; x_wconf 86' lang='grc'><em>13</em></span> <span class='ocrx_word' id='word_1_319' title='bbox 1312 3741 1373 3801; x_wconf 83' lang='grc' dir='ltr'><em>ἐπι-</em></span> 
     </span>
     <span class='ocr_line' id='line_1_35' title="bbox 228 3821 1374 3901; baseline -0.004 -18"><span class='ocrx_word' id='word_1_320' title='bbox 228 3827 466 3901; x_wconf 88' lang='grc' dir='ltr'><em>χειρκμα&gt;τικῶν</em></span> <span class='ocrx_word' id='word_1_321' title='bbox 485 3828 556 3883; x_wconf 75' lang='grc' dir='ltr'><em>Βοεο</em></span> <span class='ocrx_word' id='word_1_322' title='bbox 574 3822 675 3899; x_wconf 83' lang='grc' dir='ltr'><em>ύπομν.</em></span> <span class='ocrx_word' id='word_1_323' title='bbox 695 3824 723 3896; x_wconf 93' lang='grc' dir='ltr'><em>γ’</em></span> <span class='ocrx_word' id='word_1_324' title='bbox 744 3843 797 3882; x_wconf 90' lang='lat' dir='ltr'><em>om.</em></span> <span class='ocrx_word' id='word_1_325' title='bbox 818 3822 934 3896; x_wconf 82' lang='grc' dir='ltr'><em>έπιχειρ.</em></span> <span class='ocrx_word' id='word_1_326' title='bbox 953 3827 1077 3882; x_wconf 79' lang='grc' dir='ltr'><em>Ακιδνοε.</em></span> <span class='ocrx_word' id='word_1_327' title='bbox 1099 3832 1112 3881; x_wconf 97' lang='grc'>1</span> <span class='ocrx_word' id='word_1_328' title='bbox 1177 3831 1210 3880; x_wconf 80' lang='lat'><em>14</em></span> <span class='ocrx_word' id='word_1_329' title='bbox 1229 3821 1374 3888; x_wconf 83' lang='grc' dir='ltr'><em>ἐνστάσεις</em></span> 
     </span>
     <span class='ocr_line' id='line_1_36' title="bbox 229 3903 1373 3979; baseline -0.002 -16"><span class='ocrx_word' id='word_1_330' title='bbox 229 3908 294 3978; x_wconf 89' lang='grc' dir='ltr'><em>περὶ</em></span> <span class='ocrx_word' id='word_1_331' title='bbox 313 3909 368 3963; x_wconf 93' lang='grc' dir='ltr'><em>τῶν</em></span> <span class='ocrx_word' id='word_1_332' title='bbox 386 3909 516 3977; x_wconf 87' lang='grc' dir='ltr'><em>ποσαχῶς</em></span> <span class='ocrx_word' id='word_1_333' title='bbox 528 3908 688 3978; x_wconf 86' lang='grc' dir='ltr'><em>λεγομένων</em></span> <span class='ocrx_word' id='word_1_334' title='bbox 702 3904 741 3979; x_wconf 90' lang='grc' dir='ltr'><em>η’,</em></span> <span class='ocrx_word' id='word_1_335' title='bbox 761 3908 817 3963; x_wconf 90' lang='grc' dir='ltr'><em>τῶν</em></span> <span class='ocrx_word' id='word_1_336' title='bbox 832 3923 890 3976; x_wconf 79' lang='lat' dir='ltr'><strong>seq.</strong></span> <span class='ocrx_word' id='word_1_337' title='bbox 904 3908 1029 3962; x_wconf 79' lang='grc' dir='ltr'><em>Ανιθνοε.</em></span> <span class='ocrx_word' id='word_1_338' title='bbox 1085 3911 1117 3960; x_wconf 78' lang='lat'><em>15</em></span> <span class='ocrx_word' id='word_1_339' title='bbox 1131 3903 1289 3973; x_wconf 87' lang='grc' dir='ltr'><em>πρόσθεσιν</em></span> <span class='ocrx_word' id='word_1_340' title='bbox 1303 3923 1373 3961; x_wconf 80' lang='lat' dir='ltr'><strong>corr.</strong></span> 
     </span>
    </p>

    <p class='ocr_par' dir='ltr' id='par_1_5' title="bbox 181 3981 1411 4545">
     <span class='ocr_line' id='line_1_37' title="bbox 181 3981 1284 4062; baseline -0.003 -19"><span class='ocrx_word' id='word_1_341' title='bbox 181 4053 185 4062; x_wconf 21' lang='grc' dir='ltr'>ι</span> <span class='ocrx_word' id='word_1_342' title='bbox 229 3991 300 4045; x_wconf 72' lang='grc' dir='ltr'><em>Ιίοεε</em></span> <span class='ocrx_word' id='word_1_343' title='bbox 372 3985 401 4042; x_wconf 86' lang='grc' dir='ltr'><em>α’</em></span> <span class='ocrx_word' id='word_1_344' title='bbox 422 3987 485 4044; x_wconf 80' lang='lat' dir='ltr'>add.</span> <span class='ocrx_word' id='word_1_345' title='bbox 506 3990 657 4059; x_wconf 80' lang='grc' dir='ltr'><em>Μεκογίνε</em></span> <span class='ocrx_word' id='word_1_346' title='bbox 675 3991 704 4043; x_wconf 75' lang='lat' dir='ltr'><em>et</em></span> <span class='ocrx_word' id='word_1_347' title='bbox 721 3989 777 4043; x_wconf 89' lang='grc' dir='ltr'><em>τῶν</em></span> <span class='ocrx_word' id='word_1_348' title='bbox 795 3991 861 4057; x_wconf 79' lang='lat' dir='ltr'><strong>post</strong></span> <span class='ocrx_word' id='word_1_349' title='bbox 878 3981 896 4057; x_wconf 80' lang='grc' dir='ltr'>ἢ</span> <span class='ocrx_word' id='word_1_350' title='bbox 917 4004 950 4042; x_wconf 84' lang='lat' dir='ltr'><em>ex</em></span> <span class='ocrx_word' id='word_1_351' title='bbox 967 3988 1050 4056; x_wconf 80' lang='grc' dir='ltr'><em>Πίος,</em></span> <span class='ocrx_word' id='word_1_352' title='bbox 1066 3985 1099 4056; x_wconf 85' lang='lat' dir='ltr'><em>V,</em></span> <span class='ocrx_word' id='word_1_353' title='bbox 1114 3991 1148 4040; x_wconf 84' lang='grc'><em>23</em></span> <span class='ocrx_word' id='word_1_354' title='bbox 1162 3986 1284 4040; x_wconf 81' lang='grc' dir='ltr'><em>Βκλὶίκε</em></span> 
     </span>
     <span class='ocr_line' id='line_1_38' title="bbox 231 4064 1374 4140; baseline -0.004 -16"><span class='ocrx_word' id='word_1_355' title='bbox 231 4077 263 4124; x_wconf 78' lang='grc'><em>17</em></span> <span class='ocrx_word' id='word_1_356' title='bbox 278 4064 455 4123; x_wconf 77' lang='grc' dir='ltr'><em>ἀναλυτικῶν</em></span> <span class='ocrx_word' id='word_1_357' title='bbox 469 4065 654 4139; x_wconf 83' lang='grc' dir='ltr'><em>προτέρωνθ’</em></span> <span class='ocrx_word' id='word_1_358' title='bbox 669 4071 742 4140; x_wconf 78' lang='grc' dir='ltr'><em>ναῖς.</em></span> <span class='ocrx_word' id='word_1_359' title='bbox 752 4068 785 4123; x_wconf 83' lang='grc' dir='ltr'><em>θ’</em></span> <span class='ocrx_word' id='word_1_360' title='bbox 802 4067 913 4138; x_wconf 73' lang='lat' dir='ltr'><strong>scripsit</strong></span> <span class='ocrx_word' id='word_1_361' title='bbox 926 4068 1009 4134; x_wconf 74' lang='lat' dir='ltr'><strong><em>Rosa,</em></strong></span> <span class='ocrx_word' id='word_1_362' title='bbox 1023 4065 1102 4120; x_wconf 81' lang='lat' dir='ltr'>uncis</span> <span class='ocrx_word' id='word_1_363' title='bbox 1117 4065 1231 4120; x_wconf 79' lang='lat' dir='ltr'>inclusit</span> <span class='ocrx_word' id='word_1_364' title='bbox 1243 4066 1374 4134; x_wconf 80' lang='grc' dir='ltr'><em>Βαλλίνε,</em></span> 
     </span>
     <span class='ocr_line' id='line_1_39' title="bbox 230 4145 1374 4222; baseline -0.003 -18"><span class='ocrx_word' id='word_1_365' title='bbox 230 4149 280 4204; x_wconf 83' lang='lat' dir='ltr'><em>sed</em></span> <span class='ocrx_word' id='word_1_366' title='bbox 298 4148 388 4219; x_wconf 81' lang='lat' dir='ltr'>magis</span> <span class='ocrx_word' id='word_1_367' title='bbox 407 4151 566 4219; x_wconf 81' lang='lat' dir='ltr'>suspectum</span> <span class='ocrx_word' id='word_1_368' title='bbox 585 4168 613 4219; x_wconf 88' lang='lat' dir='ltr'><em>p.</em></span> <span class='ocrx_word' id='word_1_369' title='bbox 628 4157 724 4217; x_wconf 82' lang='grc'><em>248,1</em></span> <span class='ocrx_word' id='word_1_370' title='bbox 744 4150 887 4221; x_wconf 85' lang='grc' dir='ltr'><em>προτέρων</em></span> <span class='ocrx_word' id='word_1_371' title='bbox 907 4145 1082 4204; x_wconf 78' lang='grc' dir='ltr'><em>ἀναλυτικῶν</em></span> <span class='ocrx_word' id='word_1_372' title='bbox 1102 4145 1130 4222; x_wconf 90' lang='grc' dir='ltr'><em>β’</em></span> <span class='ocrx_word' id='word_1_373' title='bbox 1215 4154 1246 4202; x_wconf 88' lang='grc'><em>18</em></span> <span class='ocrx_word' id='word_1_374' title='bbox 1267 4147 1374 4221; x_wconf 80' lang='grc' dir='ltr'><em>(περὶ)</em></span> 
     </span>
     <span class='ocr_line' id='line_1_40' title="bbox 230 4227 1411 4309; baseline -0.002 -23"><span class='ocrx_word' id='word_1_375' title='bbox 230 4230 433 4304; x_wconf 83' lang='grc' dir='ltr'><em>προβλημάτων</em></span> <span class='ocrx_word' id='word_1_376' title='bbox 443 4230 517 4306; x_wconf 60' lang='lat' dir='ltr'><em>(off)</em></span> <span class='ocrx_word' id='word_1_377' title='bbox 531 4228 672 4302; x_wconf 85' lang='grc' dir='ltr'><em>μεθοδικά</em></span> <span class='ocrx_word' id='word_1_378' title='bbox 683 4227 755 4304; x_wconf 75' lang='grc' dir='ltr'><em>(η’)</em></span> <span class='ocrx_word' id='word_1_379' title='bbox 769 4248 838 4287; x_wconf 80' lang='lat' dir='ltr'><strong>corr.</strong></span> <span class='ocrx_word' id='word_1_380' title='bbox 849 4233 929 4297; x_wconf 73' lang='lat' dir='ltr'><strong><em>Base,</em></strong></span> <span class='ocrx_word' id='word_1_381' title='bbox 943 4249 1006 4286; x_wconf 84' lang='lat' dir='ltr'><em>cum</em></span> <span class='ocrx_word' id='word_1_382' title='bbox 1016 4229 1146 4301; x_wconf 81' lang='lat' dir='ltr'>Menagio</span> <span class='ocrx_word' id='word_1_383' title='bbox 1162 4247 1236 4285; x_wconf 82' lang='grc' dir='ltr'><em>οοωε.</em></span> <span class='ocrx_word' id='word_1_384' title='bbox 1247 4232 1372 4309; x_wconf 53' lang='lat' dir='ltr'><em>Ambrae.</em></span> <span class='ocrx_word' id='word_1_385' title='bbox 1404 4244 1411 4249; x_wconf 82' lang='lat'><strong><em>‘</em></strong></span> 
     </span>
     <span class='ocr_line' id='line_1_41' title="bbox 231 4307 1373 4386; baseline -0.004 -18"><span class='ocrx_word' id='word_1_386' title='bbox 231 4317 296 4382; x_wconf 69' lang='lat' dir='ltr'><strong>post</strong></span> <span class='ocrx_word' id='word_1_387' title='bbox 314 4314 459 4383; x_wconf 85' lang='grc' dir='ltr'><em>βελτίονας</em></span> <span class='ocrx_word' id='word_1_388' title='bbox 477 4310 508 4367; x_wconf 92' lang='grc' dir='ltr'><em>α’</em></span> <span class='ocrx_word' id='word_1_389' title='bbox 529 4332 563 4367; x_wconf 82' lang='lat' dir='ltr'><em>ex</em></span> <span class='ocrx_word' id='word_1_390' title='bbox 581 4314 704 4370; x_wconf 83' lang='lat' dir='ltr'><strong><em>Ambros.</em></strong></span> <span class='ocrx_word' id='word_1_391' title='bbox 730 4309 802 4384; x_wconf 82' lang='grc' dir='ltr'><em>ὅρων</em></span> <span class='ocrx_word' id='word_1_392' title='bbox 823 4314 936 4386; x_wconf 89' lang='grc' dir='ltr'><em>βιβλίων</em></span> <span class='ocrx_word' id='word_1_393' title='bbox 955 4307 985 4364; x_wconf 93' lang='grc' dir='ltr'><em>α’</em></span> <span class='ocrx_word' id='word_1_394' title='bbox 1006 4311 1129 4366; x_wconf 87' lang='grc' dir='ltr'><em>τοπικῶν</em></span> <span class='ocrx_word' id='word_1_395' title='bbox 1148 4307 1182 4376; x_wconf 81' lang='grc' dir='ltr'><em>ζ’.</em></span> <span class='ocrx_word' id='word_1_396' title='bbox 1212 4314 1373 4380; x_wconf 87' lang='grc' dir='ltr'><em>μαθηματι·</em></span> 
     </span>
     <span class='ocr_line' id='line_1_42' title="bbox 231 4386 1372 4464; baseline -0.002 -18"><span class='ocrx_word' id='word_1_397' title='bbox 231 4395 289 4447; x_wconf 85' lang='grc' dir='ltr'><em>κῶν</em></span> <span class='ocrx_word' id='word_1_398' title='bbox 308 4389 338 4446; x_wconf 80' lang='grc' dir='ltr'><em>α’</em></span> <span class='ocrx_word' id='word_1_399' title='bbox 359 4393 457 4448; x_wconf 77' lang='lat' dir='ltr'>inserit</span> <span class='ocrx_word' id='word_1_400' title='bbox 475 4394 546 4450; x_wconf 82' lang='lat' dir='ltr'><em>Rose</em></span> <span class='ocrx_word' id='word_1_401' title='bbox 628 4401 660 4448; x_wconf 83' lang='grc'><em>19</em></span> <span class='ocrx_word' id='word_1_402' title='bbox 676 4397 863 4464; x_wconf 85' lang='grc' dir='ltr'><em>ουλλογίσμων</em></span> <span class='ocrx_word' id='word_1_403' title='bbox 888 4386 928 4460; x_wconf 78' lang='grc' dir='ltr'><em>ὄρ.</em></span> <span class='ocrx_word' id='word_1_404' title='bbox 947 4391 1101 4446; x_wconf 74' lang='grc' dir='ltr'><em>Ακιάκοε.1</em></span> <span class='ocrx_word' id='word_1_405' title='bbox 1193 4398 1225 4444; x_wconf 89' lang='grc'><em>21</em></span> <span class='ocrx_word' id='word_1_406' title='bbox 1245 4410 1307 4447; x_wconf 90' lang='grc' dir='ltr'><em>τοπ,</em></span> <span class='ocrx_word' id='word_1_407' title='bbox 1327 4411 1372 4461; x_wconf 90' lang='grc' dir='ltr'><em>πρ.</em></span> 
     </span>
     <span class='ocr_line' id='line_1_43' title="bbox 232 4467 761 4545; baseline 0.008 -19"><span class='ocrx_word' id='word_1_408' title='bbox 232 4493 254 4527; x_wconf 91' lang='grc' dir='ltr'><em>τ.</em></span> <span class='ocrx_word' id='word_1_409' title='bbox 274 4467 358 4541; x_wconf 76' lang='grc' dir='ltr'><em>ὅρους</em></span> <span class='ocrx_word' id='word_1_410' title='bbox 376 4470 448 4545; x_wconf 91' lang='grc' dir='ltr'><em>&lt;β’&gt;</em></span> <span class='ocrx_word' id='word_1_411' title='bbox 467 4471 549 4544; x_wconf 87' lang='grc' dir='ltr'><em>πάθη</em></span> <span class='ocrx_word' id='word_1_412' title='bbox 568 4471 598 4527; x_wconf 93' lang='grc' dir='ltr'><em>α’</em></span> <span class='ocrx_word' id='word_1_413' title='bbox 619 4492 670 4530; x_wconf 85' lang='lat' dir='ltr'><strong>scr.</strong></span> <span class='ocrx_word' id='word_1_414' title='bbox 690 4474 761 4530; x_wconf 80' lang='lat' dir='ltr'><em>Rose</em></span> 
     </span>
    </p>
   </div>
   <div class='ocr_carea' id='block_1_5' title="bbox 0 0 1456 5054">
    <p class='ocr_par' dir='ltr' id='par_1_6' title="bbox 0 0 1456 5054">
     <span class='ocr_line' id='line_1_44' title="bbox 0 0 1456 5054; baseline 0 0"><span class='ocrx_word' id='word_1_415' title='bbox 0 0 1456 5054; x_wconf 95' lang='lat' dir='ltr'><em> </em></span> 
     </span>
    </p>
   </div>
  </div>
 </body>
</html>
