2910 5056
620 309 833 365 HESYCHIUS.
1232 309 1297 373 219

147 471 235 557 λέγει
270 467 376 557 άτομα
404 468 467 557 μὲν
493 467 580 537 εἶναι
606 465 646 537 τά
675 467 774 558 κύρια
802 467 966 558 ὀνόματα,
1000 468 1162 556 θεματικδι
1192 468 1229 536 δὲ
1256 467 1296 538 τδι
1368 475 1371 482 '

147 575 393 665 προσηγορικά,
422 574 575 664 άθέματα
603 576 640 644 δδ
663 575 703 645 τὰ
727 577 913 664 μετοχικά),
940 577 1016 665 περὶ
1038 581 1096 664 τής
1114 573 1298 663 Ῥωμαίκής

148 683 339 768 διαλέκτου,
374 679 424 750 δτι
451 683 601 750 ἐστινέκ
628 687 687 769 τής
709 679 904 769 Ἑλληνικῆς
930 681 1026 751 κὀῦκ
1054 679 1239 770 αὐθιγενής
1263 681 1296 771 [ή

144 787 309 876 Ῥωμαίκή
339 789 540 875 διάλεκτος],
572 786 623 858 ὅτι
652 793 885 877 διαφωνοῦσιν
915 793 949 858 οί
976 789 1133 879 νεώτεροι
1163 791 1297 877 ποιηταὶ

148 895 231 986 πρὸς
250 893 413 985 Ὅμηρον,
447 896 602 984 ἐξήγησιν
633 901 694 965 τοῦ
727 902 964 985 Τυραννίωνος
995 900 1174 984 μερισμοῦ,
1207 894 1324 984 eree-e

149 1013 261 1071 θωσιν
280 1000 476 1091 Ὁμηρικήν,
500 1001 747 1092 ὀρθογραφίαν.

238 1111 408 1179 DOOOXI.
449 1118 685 1199 Τυραννίων
714 1110 911 1198 Μεσσήνιος
938 1110 1133 1199 φιλόσοφος.
1182 1113 1298 1179 οίωνο-

128 1216 290 1288 ’σκοπικά
320 1220 358 1286 ἐν
385 1223 529 1305 βιβλίοις
553 1217 596 1305 γ’.
634 1219 705 1310 Ικαλ
729 1217 813 1287 άλλα
837 1218 875 1289 δὲ
897 1224 1011 1307 βιβλία
1035 1217 1139 1288 αὐτοῦ
1163 1220 1299 1306 φέρεται

148 1325 326 1416 rotasse

237 1432 423 1500 DOOOXH.
465 1431 669 1520 Τύραννος
698 1431 867 1520 σοφιστής.
908 1431 984 1520 περὶ
1017 1431 1181 1519 στάσεων,
1214 1437 1339 1501 trac-1⁰

150 1541 273 1627 ρέσεως
295 1538 400 1625 λόγου
423 1544 536 1626 βιβλία
560 1538 595 1608 ι’.

238 1647 443 1716 DOOOXHI.
486 1652 677 1733 Τυρταῖος
704 1642 962 1735 Ἀρχεμβρότου,
992 1645 1115 1714 Λάκων
1143 1641 1163 1733 ή
1189 1646 1299 1734 Μιλή-

150 1771 239 1838 σιος,
263 1750 483 1838 ἐλεγειοποιὸς
505 1752 561 1819 καὶ
585 1747 740 1839 αὐλητής,
765 1748 806 1820 δυ
830 1751 929 1839 λόγος
951 1766 1021 1832 τοίς
1044 1754 1155 1841 μέλεσι
1178 1752 1300 1842 χρησά-

149 1884 255 1946 μενον
284 1861 492 1947 παροτρῦυαι
522 1863 810 1945 Λακεδαιμονίους
836 1864 1065 1947 πολεμοῦντας
1093 1865 1301 1946 Μεσσηνίοις

150 1966 205 2034 καὶ
228 1966 330 2055 ταύτῃ
350 1966 641 2055 ἐπικρατεστέρους
658 1970 804 2053 ποιήσαι.
846 1971 915 2034 ἐστι
934 1966 972 2034 δὲ
989 1972 1198 2053 παλαίφατος,
1223 1966 1299 2054 σύγ·
1314 1990 1340 2031 ιε

151 2101 272 2163 χρονος
299 2086 369 2154 τοϊς
397 2073 426 2155 ζ’
456 2080 610 2159 κληθείσι
642 2086 761 2160 σοφοῖς
792 2068 812 2159 ἢ
841 2073 895 2140 καλ
924 2079 1129 2164 παλαίτερος.
1179 2072 1300 2160 ήκμαζε

150 2184 235 2266 γοῦν
263 2182 345 2250 κατά
377 2180 440 2269 τήν
469 2181 518 2249 λε’
548 2178 747 2268 ὀλυμπιάδα.
794 2185 916 2269 ἔγραψε
943 2188 1114 2250 πολιτείαν
1137 2185 1299 2249 Λακεδαι-

149 2290 282 2375 μονίοις
314 2289 369 2356 καὶ
405 2285 579 2376 ὑποθήκας
610 2285 665 2354 δι’Ι
686 2290 830 2374 ἐλεγείας
864 2288 920 2355 καλ
950 2289 1031 2376 μέλη
1062 2287 1300 2377 πολεμιστήρια

151 2399 265 2481 βιβλία
289 2395 328 2463 ε’.

239 2502 440 2572 DOOOXIV.
463 2500 622 2571 ‘Tauria
644 2499 666 2590 ή
689 2500 822 2580 Θέωνος
840 2504 901 2570 τοῦ
924 2502 1114 2593 γεωμέτρου
1135 2501 1300 2591 θυγάτηρ,
1314 2525 1340 2566 ιο

223 2796 239 2844 3
263 2790 350 2844 verba
368 2787 532 2858 corruptelis
550 2786 699 2857 inquinata
717 2787 795 2853 sunt;
815 2781 847 2842 ἐκ
866 2787 916 2842 τοῦ
938 2781 1108 2857 Ἀντιγένους
1126 2780 1170 2841 ὅτι
1186 2782 1301 2856 Ἀντιγέ-

151 2890 201 2940 νης
214 2873 298 2936 ΔΝ,
317 2871 366 2925 ubi
386 2864 429 2924 ὅτι
440 2887 496 2938 seq.
512 2869 680 2939 glossemate
695 2864 772 2922 vocis
785 2860 956 2936 Ἀντιγένους
971 2884 1030 2922 esse
1045 2869 1138 2921 ortum
1154 2869 1241 2937 patet,
1256 2861 1301 2922 ὅτι

151 2945 300 3021 άρτιγενής
318 2946 335 3020 ἡ
352 2947 431 3021 Ῥωμ.
452 2952 523 3006 διαλ.
542 2948 589 3004 vix
607 2946 793 3018 probabiliter
811 2948 933 3004 tentavit
950 2948 1084 3014 Gaieford
1101 2942 1131 3001 κ’
1153 2942 1206 3002 οῦκ
1225 2945 1301 3002 οίκο-

152 3026 237 3100 γενής
256 3032 327 3087 coni.
344 3032 482 3087 Weetcrm.
502 3025 530 3084 κ’
551 3024 603 3083 οῦκ
626 3024 783 3098 αὐθιγενής
803 3029 909 3085 Ρλαιιιι·
927 3030 956 3084 et
973 3028 1082 3095 Rotae,
1106 3027 1181 3097 quod
1199 3026 1300 3098 recepi.

151 3110 228 3165 Duas
247 3109 479 3179 interpolationes
504 3103 538 3164 ἐκ
558 3108 609 3162 τοῦ
629 3103 801 3177 αῦτογενοῦς
825 3112 854 3164 et
877 3103 922 3163 ῦτι
940 3103 1003 3163 αῦτ.
1023 3124 1059 3163 ee.
1079 3102 1155 3161 ἐστίν
1174 3106 1302 3177 agnoscit

151 3189 252 3256 Darat,
271 3184 443 3259 αῦτογινοῦς
460 3191 488 3244 et
503 3189 564 3259 ipse
578 3188 752 3243 conieceram
806 3184 823 3257 ἡ
840 3184 922 3259 ‘Pop
936 3191 1006 3244 διαλ.
1023 3189 1193 3258 glossemate
1207 3190 1299 3242 ortum

223 3267 356 3326 DOGGXI
387 3263 524 3338 'ltpost
544 3273 610 3338 Τυρ.
630 3269 695 3323 add.
710 3274 787 3321 AVB
808 3270 975 3338 Τυραννίων
994 3267 1055 3339 μὲν,
1074 3262 1235 3336 Μεσσήνιος
1254 3269 1301 3336 φί-

154 3353 199 3412 λος
213 3353 273 3405 nn.
340 3354 356 3403 8
376 3349 426 3403 καὶ
443 3345 514 3403 ίιλλα
533 3365 590 3418 seq.
609 3349 645 3403 ad
659 3347 875 3418 grammaticum
894 3349 988 3418 potius
1001 3347 1121 3403 reiciunt
1134 3346 1301 3420 Βακλιιίτδγ

156 3431 184 3485 et
202 3430 288 3484 Daab

225 3507 371 3563 DOOCXII
409 3513 441 3562 10
460 3506 623 3577 διαιρέσεως
641 3512 664 3561 Δ
682 3508 748 3580 περὶ
766 3512 850 3580 διαιρ.
870 3514 944 3561 m
964 3507 1013 3562 καὶ
1031 3511 1114 3577 διαιρ.
1134 3507 1183 3562 rel.

223 3590 382 3646 DOCGXIII
401 3588 441 3644 cf.
456 3590 563 3660 Bergk,
581 3590 659 3645 Poet.
674 3591 724 3660 lyr.
739 3609 767 3660 p.
778 3596 829 3645 393
840 3607 897 3660 seq.
916 3589 1050 3644 Eiusdem
1064 3588 1154 3642 vitam
1168 3605 1185 3642 a
1199 3589 1299 3644 Proclo

153 3672 310 3727 enarratam
329 3671 453 3727 servavit
475 3672 563 3727 schol.
581 3669 691 3727 Platon.
710 3670 750 3724 VI
768 3690 794 3741 p.
810 3677 875 3727 ὅσοι
900 3665 915 3724 ὁ
937 3675 1020 3740 Τυρτ.
1045 3660 1140 3747 οῦτος.
1150 3665 1297 3741 Ἀθηναῖος

153 3747 280 3822 ἐγένετο,
304 3747 417 3821 εῦτελὴς
434 3748 486 3821 τήν
505 3746 604 3821 τῦχην·
623 3747 832 3821 γραμματιστής
849 3747 904 3821 γάρ
923 3741 959 3820 ήν
983 3749 1032 3805 καὶ
1050 3747 1137 3820 χωλὸς
1160 3749 1192 3807 τδ
1212 3753 1301 3823 σῶμα,

152 3827 422 3902 καταφρονούμενος
442 3827 472 3887 ἐν
490 3826 628 3902 Ἀθήναις.
665 3831 766 3885 τοῦτον
785 3832 1021 3901 Λακεδαιμονίοις
1043 3827 1159 3900 ἔχρησεν
1178 3827 1198 3886 δ’
1211 3826 1302 3887 Ἀπόλ-

152 3916 208 3966 λων
227 3910 472 3983 μεταπέμψασθαι
490 3912 543 3967 ete.
623 3917 656 3965 12
676 3911 715 3966 sie
733 3905 940 3982 ΒΤΕἈρχιμβ.
959 3913 1030 3981 vulp.
1116 3917 1149 3965 15
1168 3911 1217 3966 καλ
1236 3913 1301 3966 ante

152 3987 242 4063 ταῦτη
262 3997 337 4044 BVB
356 3992 421 4047 ante
439 3991 632 4062 πολεμοῦντας
651 3992 699 4046 rel.
769 3997 801 4045 16
819 3989 861 4045 De
880 3992 972 4046 aetate
992 3992 1027 4047 cf.
1046 4010 1071 4047 v.
1093 3987 1226 4062 Δράκων,
1246 3993 1282 4047 al.

154 4077 187 4125 17
210 4074 356 4126 πολιτείαν
379 4091 462 4143 quam
486 4072 536 4126 alii
558 4067 705 4143 Εῦνομίαν
728 4071 838 4139 dicunt,
862 4069 898 4126 al.
916 4087 974 4124 non
996 4071 1135 4126 diversam
1157 4070 1242 4127 fuisse
1265 4074 1300 4128 ab

154 4147 317 4220 ὑποθήκαις
334 4151 447 4221 putavit
458 4152 626 4224 Bernhardy
644 4151 694 4207 καὶ
712 4148 800 4207 ῦποθ.
811 4152 1048 4222 Λακεδαιμονίοις
1066 4151 1210 4220 eleganter
1229 4151 1300 4207 coni.

155 4232 316 4288 Gutoclrmid
393 4238 425 4286 18
449 4228 489 4286 δι’
516 4227 640 4302 ἐλεγείας
661 4234 697 4288 ad
720 4231 932 4302 inscriptionem
957 4231 1111 4286 carminum
1133 4232 1244 4287 rettulit
1269 4234 1299 4287 0.

158 4313 270 4384 Μιλλίιν,
288 4313 344 4368 Lit.
364 4312 436 4368 Hist.
455 4313 482 4366 1³
498 4331 526 4383 p.
543 4320 594 4369 184

227 4393 386 4450 Dcccxlv
408 4394 510 4449 Totam
528 4393 617 4449 vitam
634 4410 651 4447 a
666 4393 815 4450 Damaseio
830 4396 952 4466 pendere
965 4391 1025 4448 veri
1040 4390 1131 4448 simile
1146 4395 1196 4449 est.
1225 4394 1302 4449 Non-

157 4474 234 4529 nulla
257 4474 432 4544 deprompsit
456 4474 703 4547 Peeadofleepct.
728 4492 751 4531 e.
771 4481 814 4530 69.
850 4475 997 4531 Diversam
1025 4490 1084 4530 esse
1111 4473 1146 4529 ab
1169 4473 1302 4544 Hypatio,
