2910 5056
584 301 867 360 PROLEGOMENA.
1211 304 1302 361 XXXI

151 472 341 546 Κικωναίος
360 466 436 555 (AV
452 470 552 556 vulg.)
567 493 598 554 p.
613 474 796 546 Κικοναϊος
815 468 903 555 (Ald.
916 469 951 534 M
969 466 1076 555 Eud),
1098 465 1301 553 Πλούταρ-

149 601 215 661 χος
235 573 414 660 Μαριανός
435 573 565 662 (ABV)
585 598 615 659 p.
630 579 802 659 Μαρίνος,
821 575 1088 659 ,Πρωταγόρας
1107 576 1302 660 Νεανδμίαν

150 683 278 770 (ΑΒΕ)
302 706 332 767 p.
352 683 582 766 Μαιανδρίου,
601 680 870 766 Προαιρέοιος
892 683 953 746 τοῦ
973 677 1105 766 adsone.
1126 681 1251 768 (AVB)
1270 706 1301 767 p,
1344 737 1347 742 .

148 786 239 874 παρὰ
253 813 278 855 τ.
289 785 432 874 adroso,
453 793 689 875 Τυραννίων
704 782 842 873 ἢΜεσο.
852 793 920 872 φιλ.
933 786 1058 875 (AVE)
1072 814 1103 875 p.
1115 795 1300 874 Μεσαφιλ.

240 896 331 973 Quod
365 898 392 961 si
425 919 464 960 ex
496 896 653 961 eiusmodi
681 896 849 981 exemplis,
887 918 968 979 quae
1001 895 1156 961 facillime
1189 899 1300 982 augeri

148 1009 299 1088 possunt,
333 1004 529 1069 recentiores
558 1001 676 1068 Suidae
709 1002 834 1068 codices
868 1025 887 1067 a
914 1005 1206 1086 praestantioribus
1234 1027 1299 1070 non

150 1112 343 1177 descendere
376 1102 529 1195 efficitur,
564 1133 645 1194 quae
675 1132 726 1174 res
754 1112 805 1175 vel
833 1110 908 1174 inde
936 1112 1180 1196 comprobatur,
1214 1112 1300 1196 quod

147 1241 225 1302 pars
256 1219 397 1284 vitarum
431 1220 524 1283 abest
554 1217 595 1281 ab
618 1218 661 1301 A,
690 1217 773 1280 aliae
807 1217 924 1281 desunt
951 1218 985 1281 in
1006 1217 1047 1302 V,
1080 1240 1161 1302 quae
1189 1221 1300 1283 tamen

150 1328 264 1390 extant
287 1326 320 1388 in
344 1325 557 1390 deterioribus
584 1324 689 1408 libris,
713 1324 794 1388 duae
817 1323 912 1389 nobis
938 1329 1014 1388 sunt
1037 1324 1182 1390 codicum
1205 1326 1297 1390 fami·

149 1411 213 1496 liae
237 1432 436 1516 statuendae,
460 1455 597 1516 quarum
620 1453 685 1495 una
708 1431 914 1496 continentur
937 1431 1001 1496 AV
1024 1431 1076 1517 (ex
1100 1455 1163 1516 quo
1183 1432 1300 1497 descri-

148 1539 373 1622 ptu'auidetur
387 1537 426 1625 O)
446 1538 622 1604 Vaticanus
639 1537 803 1622 Pearsoni,
823 1538 926 1602 altera
939 1536 1003 1602 ΒΕ
1019 1539 1068 1622 al,
1088 1539 1170 1602 unde
1190 1561 1299 1604 mana-
1329 1572 1332 1576 ·

149 1650 268 1711 verunt
282 1646 350 1710 edd.
366 1649 445 1711 vett.
460 1650 535 1710 ante
549 1644 741 1730 Kusterum,
759 1666 954 1729 quamquam
973 1644 1034 1708 ΒΕ
1053 1646 1200 1728 pluribus
1220 1646 1300 1711 locis
1385 1730 1388 1737 Ι

150 1753 363 1838 integriorem
381 1752 554 1818 lectionem
578 1755 756 1837 praestant,
780 1774 877 1835 quam
901 1751 970 1816 edd.
994 1755 1070 1816 vett.

240 1859 300 1923 Ill.
333 1859 439 1943 Atque
461 1860 501 1924 de
524 1858 686 1924 Eudoeiae
710 1862 811 1942 textu,
835 1880 930 1942 quem
952 1880 1038 1923 nuno
1057 1859 1299 1944 investigamus

148 1989 254 2051 nuper
277 1967 380 2031 fusius
405 1967 583 2050 disputavit
610 1966 727 2049 Pulch‚
751 1964 789 2030 de
813 1964 899 2032 Viol.
923 1989 953 2049 p.
979 1966 1020 2029 73
1037 1987 1102 2049 seq.
1111 1947 1162 2050 ¹),
1178 1966 1232 2049 qui
1260 1965 1299 2029 de

148 2074 229 2138 Aldi
254 2073 395 2140 editione
419 2096 492 2138 eum
515 2074 652 2157 pendere
680 2095 719 2137 ex
742 2073 879 2158 triginta
902 2074 954 2137 vel
982 2072 1197 2157 quadraginta
1215 2073 1298 2138 locis

147 2181 310 2246 conclusit
337 2181 454 2266 (multo
483 2184 592 2245 autem
621 2180 748 2264 saepius
772 2179 956 2245 Violarium
980 2201 1052 2244 cum
1077 2179 1198 2245 Aldina
1221 2203 1295 2245 con-

141 2289 256 2352 cinere
279 2309 317 2351 ex
341 2292 501 2372 apparatu
524 2311 596 2353 meo
621 2286 751 2373 discas),
774 2310 1005 2371 nonnunquam
1030 2288 1129 2353 etiam
1148 2289 1187 2353 de
1207 2287 1298 2352 Basi-

146 2395 264 2477 leensi,
293 2418 390 2479 quam
419 2396 570 2461 meliores
597 2395 753 2460 lectiones
780 2394 911 2459 librario
941 2395 1163 2479 suppeditasse
1194 2395 1299 2477 suspi-

146 2504 241 2565 catus
258 2505 316 2567 est.
337 2501 425 2578 Quod
441 2525 536 2586 quam
548 2525 667 2567 vanum
681 2504 898 2567 commentum
910 2502 965 2585 sit,
979 2507 1065 2566 'nunc
1076 2502 1297 2567 demonstrare

838 2589 843 2596 ι

147 2605 333 2694 conabor.²)
374 2609 562 2690 Praemitto,
586 2609 671 2693 quod
694 2608 870 2673 Eudociam
893 2609 945 2673 vel
968 2607 1108 2673 Violarii
1132 2611 1297 2674 auctorem

222 2856 249 2924 1)
273 2855 362 2909 Puleh
386 2855 545 2910 doctissime
570 2856 604 2909 de
628 2854 722 2910 codice
744 2854 864 2910 Violarii
887 2855 1044 2925 disputasse
1068 2854 1121 2910 sibi
1144 2855 1220 2909 visus
1247 2854 1298 2923 est,

151 2952 216 2990 cum
231 2935 270 2998 de¹
280 2936 384 2991 rasuris
398 2939 427 2990 et
440 2936 652 3004 additamentis,
672 2953 743 3004 quae
757 2935 786 2989 in
800 2933 926 3004 margine
941 2936 1065 3004 exstant,
1080 2935 1188 3005 prolixe
1202 2934 1297 3004 loque·

146 3018 233 3084 retur,
255 3018 330 3086 quod
349 3016 468 3071 maxime
488 3016 580 3071 arrisit
598 3015 822 3073 Wilamowitzio.
860 3018 910 3085 At,
935 3033 1052 3086 quasso,
1075 3014 1142 3085 quid
1162 3015 1298 3070 momenti

147 3099 213 3151 sunt
236 3111 348 3150 rasurae
371 3095 476 3150 codicis
500 3112 570 3150 saec.
591 3097 668 3163 XVI,
697 3097 721 3150 si
745 3096 868 3151 calamus
895 3096 1004 3151 librarii
1027 3114 1094 3151 casu
1116 3096 1297 3163 aberraverit,

148 3176 217 3246 quid
236 3174 371 3245 marginis
391 3177 597 3242 additamenta,
621 3193 738 3245 quorum
757 3176 908 3231 maximam
927 3179 1037 3246 partem
1056 3176 1206 3245 adscripsit
1223 3176 1297 3231 idem

148 3255 292 3325 librarius,
316 3255 359 3310 sin
376 3258 431 3311 aut>
444 3256 551 3313 incuria
570 3254 676 3324 aliquid
699 3255 825 3312 omiserit
847 3257 897 3312 aut
919 3256 944 3310 si
967 3257 1064 3311 charta
1086 3255 1207 3326 paginae
1230 3256 1297 3324 defi-

149 3335 242 3390 ciente
260 3336 344 3391 finem
364 3335 476 3392 articuli
493 3336 522 3390 in
541 3334 667 3405 margine
682 3336 868 3406 adscripserit.
897 3337 994 3405 Nugas
1009 3352 1075 3390 sane
1095 3352 1153 3390 esse
1168 3336 1296 3390 arbitror.

150 3415 210 3470 Nec
229 3415 340 3471 saniore
358 3416 464 3472 iudicio
483 3417 638 3487 disputavit
656 3417 789 3487 Gropius,
809 3417 907 3471 Aunal.
927 3416 996 3486 phil.
1017 3421 1084 3470 1881
1105 3434 1131 3485 p.
1147 3420 1198 3470 385
1214 3431 1270 3483 seq.

221 3497 250 3564 2)
275 3495 427 3552 Occasione
451 3497 517 3552 data
540 3497 742 3564 examinemus,
768 3514 852 3565 quam
875 3500 1005 3552 accurate
1023 3497 1112 3550 Puleh
1136 3514 1162 3566 p.
1184 3501 1217 3550 74
1232 3513 1298 3564 seq,
1342 3502 1344 3506 '

150 3575 197 3644 qui
216 3575 329 3644 saepius
347 3593 424 3631 meos
443 3593 549 3633 errores
568 3577 694 3645 vexavit,
713 3577 847 3632 lectiones
865 3595 928 3632 suas
947 3576 1136 3649 exscripserit,
1156 3578 1188 3630 ut
1206 3576 1298 3630 Eudo·

150 3654 210 3708 oiae
233 3655 344 3709 textum
367 3657 402 3710 de
421 3655 523 3710 Aldina
541 3658 662 3726 pendere
686 3657 816 3714 efficeret.
855 3656 928 3712 Viol.
948 3677 974 3728 p.
995 3663 1047 3712 248
1069 3656 1157 3726 (Vill.)
1180 3652 1298 3727 Ἰοφῶν

148 3729 255 3802 ,ζ’[λιος,
274 3736 377 3804 Περσίς
396 3737 458 3791 edd.
477 3739 546 3793 vett.
565 3737 662 3794 Euda.
695 3738 734 3794 At
751 3745 774 3791 Δ
792 3738 868 3792 idem
886 3740 1010 3808 praebet.
1030 3755 1056 3806 p.
1072 3743 1125 3793 268
1149 3740 1298 3806 Κτησίας

148 3809 312 3885 ,,Ἀμείνονοι
331 3816 376 3870 vel
394 3811 528 3886 Ἀμείνονι
546 3819 624 3889 libri,
644 3817 774 3890 μνήμονα
793 3820 882 3874 Bas.“.
921 3817 975 3872 Cur
998 3835 1032 3872 ex
1049 3818 1154 3873 Aldina
1172 3818 1298 3873 Eudooia

149 3895 300 3950 lectionem
322 3895 475 3966 acceperit,
498 3915 554 3953 non
577 3900 764 3970 intellegitur,
788 3917 850 3954 cum
874 3898 990 3968 vulgata
1014 3898 1059 3952 sit.
1096 3898 1175 3952 Idem
1197 3898 1297 3954 vitium

150 3974 274 4029 occurrit
286 3992 311 4029 v.
324 3970 600 4047 Ἀναξίμανδρος,
615 3980 690 4047 quod
703 3979 765 4034 Bas.
781 3979 872 4034 editor
887 3979 963 4034 solus
978 3977 1104 4034 correxit.
1128 3978 1183 4032 Vix
1196 3978 1297 4048 proba-

150 4054 236 4109 bilius
254 4055 410 4125 disputavit
428 4057 512 4113 etiam
532 4059 566 4112 de
585 4058 651 4114 vitis
669 4058 848 4112 Androclidis
868 4060 897 4112 et
915 4057 1068 4127 Agathiae,
1087 4057 1135 4111 ubi
1152 4058 1222 4111 Eud.
1237 4058 1296 4112 vul-

148 4137 245 4204 gatam
261 4137 347 4192 tenet.
362 4154 389 4205 p.
405 4139 634 4206 transaquas
653 4134 797 4208 ,,Ἡριμίνη
811 4137 874 4192 Ald.
890 4136 998 4193 etEud.
1013 4138 1127 4193 codex.“
1145 4137 1184 4191 At
1193 4137 1297 4192 Aldina

148 4215 237 4271 habet
252 4210 402 4286 Ἠριμίνη.
426 4235 453 4286 p.
469 4223 501 4273 71
519 4213 694 4288 Ἀριμνώτη
714 4262 730 4287 „
737 4215 854 4287 φέρεται
869 4233 932 4271 cum
952 4217 1019 4273 solis
1038 4219 1106 4273 vett.
1121 4215 1183 4272 edd.
1198 4217 1294 4271 Eud.“.

150 4293 188 4350 At
205 4298 275 4353 vett.
291 4296 353 4352 edd.
368 4297 474 4351 habent
487 4288 636 4367 γράφεταί.
661 4317 688 4368 p.
703 4305 755 4353 426
770 4297 973 4365 Φιλέταιρος
992 4293 1250 4367 ,,Αὖτοφιίέταιρος
1268 4301 1297 4352 et
1408 4350 1411 4355 ,

150 4373 329 4445 Νικοστράτη
346 4381 439 4432 servat
453 4394 516 4431 cum
531 4377 606 4448 vulg.
621 4377 718 4434 Euuf‘.
746 4380 784 4433 At
797 4374 976 4447 Νινοοτροίτη
992 4391 1088 4432 omnes
1106 4374 1172 4431 libri
1185 4380 1297 4446 praeter

105 4501 112 4513 .
150 4459 181 4510 V.
199 4473 225 4524 p.
241 4461 294 4510 428
316 4458 505 4526 Φιλωνίδης
524 4452 675 4527 „perperis
692 4462 751 4526 AV,
769 4453 898 4534 γναφεύς
917 4474 979 4512 cum
994 4457 1069 4526 vulg.
1085 4456 1181 4512 Eud.“.
1219 4458 1257 4512 At
1273 4463 1296 4509 Δ
