2910 5056
635 315 829 372 Aroooorx.
1240 322 1304 385 247

156 479 238 566 βλίφ
259 477 305 561 α’,
328 477 441 556 θέσεις
459 476 626 544 πολιτικαὶ
643 477 692 564 β’,
713 464 884 566 πολιτικῆς
901 476 1093 568 άκροάσεως
1110 481 1154 568 κ’,
1177 486 1304 569 τεχνῶν

157 581 337 670 συναγωγῆ
357 582 403 670 α’,
421 585 539 670 τέχνης
557 586 734 671 ῥητορικῆς
752 585 797 672 γ’,
817 587 933 673 τέχνης
951 586 997 673 α’,
1016 589 1132 675 τέχνης
1148 592 1207 675 τῆς
1225 597 1304 657 Θεο-

158 692 278 758 δέκτου
307 688 487 777 συναγωγῆ
515 691 552 757 ἐν
575 689 618 777 γ’,
647 692 764 777 τέχνης
786 696 958 780 ποιητικῆς
980 692 1028 780 β’,
1057 696 1304 783 ἐνθυμημάτων

155 798 343 884 ῥητορικῶν
376 796 422 884 α’,
455 797 529 885 περὶ
560 799 741 885 μεγέθους,
774 799 1021 887 ἐνθυμημάτων
1048 802 1103 869 κοιλ
1132 805 1303 890 αἱρέσεων,

156 906 231 991 περὶ
255 906 372 986 λέξεως
394 908 547 992 καθαράς
566 904 611 990 α’,
634 905 710 992 περὶ
730 910 923 994 συμβουλῆς
941 906 987 993 α’,
1010 910 1085 996 περὶ
1105 908 1238 995 φάσεως
1256 910 1330 995 α’,τ

156 1012 232 1099 περὶ
256 1015 410 1098 φυσικῶν
434 1011 480 1097 α’,
503 1013 579 1099 περὶ
602 1015 660 1099 τῆς
680 1009 840 1100 Ἀρχύτου
863 1019 1068 1100 φιλοσοφίας
1087 1016 1133 1103 γ’,
1152 1018 1227 1104 περὶ
1246 1022 1304 1105 τῆς
1391 1092 1393 1097 ,

155 1124 377 1187 Σπευσίππου
402 1118 459 1185 καὶ
480 1118 688 1205 Ξενοκράτος
715 1119 764 1206 α’,
793 1121 828 1188 ἐκ
855 1123 922 1189 τῶν
950 1126 1093 1208 Τιμαίου
1114 1125 1170 1190 καὶ
1190 1123 1304 1212 ’Appri-

154 1253 216 1295 τον
239 1225 285 1312 α’,
308 1224 391 1310 πρὸς
413 1222 453 1292 τά
476 1230 652 1293 Μελίσσου
675 1225 721 1313 α’,
744 1223 827 1314 πρὸς
850 1225 889 1295 τά
911 1225 1136 1316 Ἀλκμαίωνος
1158 1231 1204 1316 α’,
1228 1233 1303 1319 περὶ

153 1337 223 1402 τῶν
251 1338 500 1420 Πυθαγορείων
529 1334 575 1417 α’,
602 1330 685 1419 πρὸς
711 1331 752 1400 τά
775 1336 1041 1422 Γοργίου,’περὶ
1068 1339 1129 1404 τοῦ
1156 1335 1201 1424 μῆ
1228 1364 1302 1425 γεν-

155 1443 231 1526 νάν,
254 1441 329 1528 περὶ
354 1439 448 1522 ζαέων
470 1438 520 1525 θ’,
544 1440 619 1528 περὶ
642 1443 710 1507 τῶν
734 1441 910 1509 συνθέτων
935 1440 1027 1522 ζαέων
1051 1443 1097 1528 α’,
1123 1444 1198 1530 περὶ
1221 1443 1301 1511 άνα-
1318 1469 1342 1506 ro

152 1551 266 1634 τομῶν
303 1546 348 1634 ς’,
386 1544 504 1633 ἐκλογῆ
538 1545 667 1614 τούτων
700 1546 748 1633 α’,
784 1549 860 1635 περὶ
891 1550 960 1616 τῶν
993 1552 1301 1637 μυθολογουμένων

154 1654 248 1736 ζῶων
273 1652 319 1739 α’,
347 1655 421 1740 περὶ
445 1657 562 1740 φυτῶν
585 1653 631 1739 β’,
660 1652 958 1742 φυσιογνωμονικά
980 1654 1027 1743 β’,
1056 1657 1131 1744 περὶ
1155 1661 1303 1746 ἰατρικῆς

152 1761 206 1847 β’,
226 1766 390 1849 σημασίας
407 1760 582 1848 χειμῶνων
600 1758 642 1846 α’,
667 1762 741 1849 περὶ
761 1761 909 1848 μονάδος
928 1761 972 1848 α’,
996 1759 1240 1851 άστρονομικὸν
1259 1765 1301 1851 α’,

152 1868 227 1954 περὶ
246 1866 409 1954 κινήσεως
428 1867 474 1952 α’,
499 1862 635 1934 ὀπτικὸν
655 1865 701 1951 α’,
720 1868 795 1954 περὶ
814 1872 975 1954 μουσικῆς
994 1871 1042 1954 α’,
1065 1871 1202 1956 πέπλον,
1221 1867 1300 1938 άπο-

154 1973 313 2062 ρημάτων
331 1971 517 2061 Ὁμηρικῶν
542 1972 583 2059 ζ’,
606 1970 829 2060 άπορημάτων
853 1980 959 2042 θείων
982 1974 1027 2063 α’,
1051 1974 1226 2061 ποιητικὸν
1250 1977 1296 2064 α’,
1312 2002 1338 2042 ro

151 2079 364 2169 μνημονικὸν
387 2079 433 2167 α’,
457 2084 611 2166 φυσικῶν
634 2078 689 2166 λη’
713 2078 795 2147 κατά
820 2095 1000 2168 στοιχεῖον,
1023 2082 1230 2170 μεταφνσικά
1252 2084 1299 2170 κ’,

150 2186 397 2276 προβλημάτων
429 2188 711 2273 ε’πιτεθεαμένων,
748 2187 925 2273 ἐγκύκλιον
957 2191 1002 2275 β’,
1035 2190 1222 2278 μηχανικὸν
1241 2194 1299 2276 4α’,

150 2293 276 2363 κύκλον
294 2295 369 2383 περὶ
388 2297 536 2380 ποιητῶν
554 2293 600 2379 γ’,
619 2294 865 2381 προβλημάτων
885 2303 1139 2384 Δημοκριτείων
1156 2296 1205 2382 β’,
1224 2301 1299 2383 περὶ

148 2406 209 2489 τῆς
240 2408 342 2471 λίθου
375 2401 420 2487 α’,
449 2405 652 2488 παραβολῶν
684 2401 730 2488 α’,
760 2401 946 2471 διατάττων
977 2402 1035 2489 ιβ’,
1065 2404 1298 2493 δικαιωμάτων

149 2509 282 2578 πόλεων
301 2512 346 2596 α’,
366 2511 596 2596 έξητασμένων
610 2506 692 2575 κατὰ
705 2509 803 2593 γένος
818 2508 880 2594 ιδ’,
896 2506 1148 2597 Ὀλυμπιονίκας
1162 2518 1297 2599 βιβλίον
1311 2538 1337 2577 ιο

150 2616 198 2704 α’,
233 2619 270 2685 ἐν
303 2609 330 2709 ᾧ
356 2619 556 2704 Μέναιχμον
584 2617 752 2702 ἐνίκησεν,
785 2618 860 2700 περὶ
887 2620 1048 2705 μουσικῆς
1075 2617 1121 2705 α’,
1154 2622 1298 2708 ἐλέγχων

149 2727 355 2810 σοφιστικῶν
388 2720 408 2811 ῆ
441 2724 516 2811 περὶ
544 2726 718 2811 ἐριστικῶν
750 2727 855 2791 νικῶν
884 2729 1123 2794 Διονυσιακῶν
1152 2725 1298 2796 άστικῶν

147 2832 204 2899 καὶ
232 2837 381 2917 ληναίων
413 2830 462 2917 α’,
493 2829 610 2917 νόμων
642 2834 850 2899 συστατικῶν
879 2830 926 2917 α’,
959 2837 1113 2920 νομίμων
1142 2832 1190 2918 δ’,
1222 2861 1297 2904 κατ.

222 3115 235 3161 1
251 3105 282 3179 η’
297 3127 348 3179 pro
362 3107 391 3164 κ’
407 3110 532 3164 Amores.
596 3113 613 3160 4
632 3104 794 3176 βητωρικῶν
812 3105 960 3164 Ἀκιδκοοθ
979 3109 1044 3179 περὶ
1062 3130 1123 3180 μεγ.
1138 3108 1212 3184 (α’)
1226 3112 1298 3167 Ιίοεα

148 3185 252 3258 ε’νθνμ,
272 3187 422 3259 διαιρέσεις
440 3184 514 3261 (α’)
532 3188 604 3243 Βοει
703 3192 719 3240 5
743 3187 808 3255 περὶ
832 3191 912 3260 σνμβ.
933 3191 998 3245 onte
1021 3188 1086 3259 περὶ
1109 3192 1162 3256 λεξ.
1182 3191 1297 3247 iteravit

139 3270 275 3335 ,Ambroo
293 3277 305 3323 1
379 3276 395 3325 8
412 3264 582 3343 Ἀλκμᾴωνος
600 3267 723 3322 Δωδκοσ.
743 3274 755 3320 1
773 3261 941 3338 Ἀλκμέωνος
959 3271 1115 3326 Ambros.2
1190 3279 1205 3327 9
1226 3293 1253 3327 π.
1272 3294 1294 3335 τ,

147 3354 231 3418 Γοργ.
250 3347 324 3423 (α’)
338 3350 410 3405 Rose
427 3368 455 3403 π.
475 3370 497 3406 τ.
517 3344 555 3419 μὴ
569 3349 676 3416 γεννῶν
695 3344 725 3401 α’
747 3367 781 3403 ex
794 3350 919 3406 Ambros.
934 3349 1006 3406 Rose
1075 3358 1108 3406 10
1122 3371 1150 3407 π.
1169 3348 1249 3408 άνατ.
1270 3348 1293 3419 ζ’

146 3432 273 3486 Ambros.
292 3433 321 3485 et
334 3432 417 3502 Diop.
474 3430 663 3499 13’σημασίας
682 3428 745 3484 ooll.
760 3428 843 3497 Βίας.
855 3427 887 3496 V,
902 3433 935 3483 26
956 3430 1119 3502 Μακαρίαν,
1138 3434 1297 3502 συμμαχίας

146 3511 208 3567 eod.
223 3512 343 3582 Μανιος.
366 3513 395 3566 ei
413 3511 537 3566 Ambroe.
614 3514 646 3562 14
668 3506 776 3562 πέπλον
794 3505 869 3581 <α’>
887 3508 972 3577 Rose,
995 3510 1043 3580 qui
1066 3511 1235 3582 interrogat:
1259 3530 1295 3568 an

145 3610 180 3647 ex
200 3590 325 3661 pleniore
344 3591 474 3646 Laenio?
530 3594 563 3643 15
582 3583 664 3656 άπορ.
683 3588 773 3641 θείων
797 3605 854 3656 „ex
872 3589 1024 3659 integriore
1043 3592 1196 3647 [νικῶνθ’
1215 3593 1295 3662 Boeo,

145 3671 195 3739 qui
215 3671 285 3727 ooni.
304 3668 468 3726 Ἡσιοδείων
487 3688 515 3739 p.
530 3671 620 3724 θείων
634 3668 710 3724 idem
723 3669 823 3724 titulus
837 3669 911 3724 infra
924 3688 951 3739 p.
967 3676 1054 3741 248,7
1069 3672 1160 3728 redire
1175 3673 1296 3741 videtur,

143 3751 300 3818 ποιητικῶν
319 3753 367 3819 (εο.
382 3745 582 3819 άπορημάτων)
596 3748 679 3819 Βίογ.
735 3756 768 3805 16
788 3769 926 3820 μεταφνσ.
946 3768 1001 3806 om.
1021 3752 1103 3822 Πίος.
1161 3761 1192 3808 17
1212 3757 1293 3826 προβ.

145 3830 257 3886 ἐκιτεθ,
276 3828 438 3904 <β’>1λοσι
457 3827 611 3898 ἐγκυκλίων
630 3846 699 3883 corr.
718 3830 802 3898 Rose,
822 3831 921 3900 corrig.
942 3831 1027 3886 otiam
1048 3835 1211 3902 μηχανικῶν

146 3917 179 3966 18
199 3904 312 3964 κύκλον.
331 3910 396 3979 περὶ
410 3911 535 3965 Ambio&
552 3915 564 3961 1
585 3904 696 3961 κύκλων
719 3907 784 3977 περὶ
802 3910 957 3964 Ambros.2
977 3906 1081 3965 κύκλον
1100 3907 1117 3979 ii
1136 3930 1166 3966 π.
1180 3933 1208 3966 π.
1223 3928 1292 3970 corr.

146 3992 310 4060 Mooopirre3
331 3990 364 4047 of.
384 3989 458 4045 infra
471 4008 498 4059 p.
512 3994 613 4056 248‚8;
633 3989 752 4043 eundem
771 3989 885 4043 titulum
904 4007 959 4045 om.
978 3992 1060 4062 Diop.
1158 3998 1189 4046 19
1208 3995 1293 4047 λιθοῦ

144 4071 271 4126 Αυιοκοε.
291 4065 471 4125 άδιατάκτων
491 4086 558 4124 oorr.
579 4069 650 4125 Ιίοω
707 4074 742 4124 20
762 4071 869 4140 βιβλίον
889 4070 1052 4141 Μακαρίαν,
1071 4070 1164 4127 fueret
1182 4073 1293 4144 βίβλους

144 4158 177 4205 ‘21
200 4150 379 4213 Πνθιονίκας
398 4151 504 4222 βιβλίον
524 4150 613 4219 (codd.
633 4150 756 4221 βίβλους)
775 4150 840 4203 anie
860 4143 891 4203 ἐν
912 4140 933 4222 ᾦ
952 4166 985 4204 ex
998 4150 1123 4205 Ambros.
1144 4150 1206 4206 odd.
1222 4151 1293 4207 Boeo

146 4236 181 4283 λθ
202 4224 347 4297 ἐριστικῶν
366 4226 440 4302 (α’)
453 4229 538 4300 Εοω,
557 4229 605 4299 qui
624 4230 709 4284 etiam
728 4229 816 4282 νικῶν
835 4229 870 4282 ab
891 4224 1036 4298 ἐριστικῶν
1051 4228 1154 4284 rectius
1172 4230 1293 4286 seiunxit

146 4316 180 4364 23
200 4311 359 4379 παροιμίων
378 4307 417 4364 α’.
438 4310 502 4379 περὶ
525 4311 687 4385 τραγῳδιῶν
708 4306 747 4364 α’.
767 4308 832 4377 περὶ
851 4309 1041 4363 διδασκαλιῶν
1060 4305 1090 4363 α’
1111 4311 1177 4365 ουλε
1196 4305 1292 4379 νόμων

146 4406 179 4442 ex
198 4390 325 4445 Amores.
348 4390 438 4460 suppl.
457 4390 528 4446 Rose
546 4388 647 4461 νόμοιν
666 4391 815 4446 Δνιδκοε.1
835 4389 1001 4444 συσσιτικῶν
1020 4390 1216 4462 corrigendum
1234 4410 1292 4449 esee

148 4471 244 4525 monet
261 4470 345 4538 Rose;
365 4470 399 4526 ef.
418 4488 445 4541 p.
461 4475 522 4540 248,
537 4477 553 4525 3
