2910 5056
621 290 833 345 HESYCHIUS.
1234 293 1296 356 199

150 454 282 539 ἐγένετο
311 450 478 539 Νικήτου,
511 454 709 539 συγχρονεῖν
734 449 944 542 Ἀπολλωνίῳ
971 456 1017 543 τῳ
1045 460 1175 520 Τυανεῖ.
1195 484 1214 543 ζ
1216 450 1298 540 πρὸς

151 555 193 628 ὃν
215 558 270 625 καὶ
293 555 468 637 ἐπιστολὰς
492 562 635 645 ἔγραψεν
657 556 886 637 Ἀπολλώνιος.

241 665 394 733 DCOXL.
423 662 579 745 Σκύλαξ
594 663 815 754 Καρυανδεύς
834 664 944 753 (πόλις
964 667 1003 733 δέ
1015 669 1083 734 ἐστι
1097 670 1154 753 τῆς
1168 672 1298 753 Καρίας

150 777 295 859 πλησίον
329 769 593 859 Ἁλικαρνασσοῦ
630 770 669 839 τά
709 771 925 861 Καρύανδα),
962 772 1206 863 Ιμαθηματικδς
1242 775 1297 841 καὶ

150 877 339 970 μουσικόςΙ.
361 878 376 970 ΙΙ
387 885 569 967 περίπλουν
584 882 651 946 των
666 876 760 958 ἐντὸς
773 882 839 946 τῶν
854 876 1054 966 Ἡρακλέους
1069 884 1199 966 στηλῶν
1207 880 1237 972 ΙΙ,
1257 878 1324 950 τάε

150 984 234 1055 κατὰ
256 984 315 1054 τὸν
333 984 554 1074 Ἡρακλείδην
577 983 637 1054 τὸν
657 985 854 1054 Μυλάσσων
873 988 1022 1072 βασιλέα,
1045 990 1106 1073 γής
1125 991 1296 1075 περίοδον,

152 1091 380 1186 Ιάντιγραφήν
404 1092 488 1182 πρὸς
509 1091 571 1179 τήν
594 1098 769 1178 Πολυβίου
792 1093 972 1184 ίστορίανΙ.

240 1201 409 1269 DOOXLI.
452 1196 592 1265 Σόλων
619 1196 863 1285 Ἐξηκεστίδου,
892 1196 1072 1287 Ἀθηναῖος
1099 1200 1297 1288 φιλόσοφος,

151 1309 339 1396 νομοθέτης
366 1307 421 1375 καὶ
453 1304 660 1393 δημαγωγός.
705 1307 822 1391 γέγονε
846 1305 884 1375 δὲ
908 1307 959 1375 ε’πὶ
983 1311 1040 1395 τής
1063 1307 1114 1395 μζ’
1140 1306 1298 1394 ὀλυμπιά-

152 1420 226 1501 δος,
260 1418 295 1481 οί
321 1413 358 1482 δὲ
390 1412 454 1494 νς’.
510 1411 762 1497 ἐπιβουλευθεὶς
795 1411 832 1480 δὲ
863 1411 928 1481 ὑπὸ
962 1414 1206 1503 Πεισιστράτου
1237 1417 1339 1483 τοῦτο

150 1521 323 1606 τυράννου
342 1507 553 1606 ἀπεδήμησεν
571 1521 607 1586 ἐν
622 1523 759 1608 Κιλικίᾳ
777 1520 832 1587 καὶ
854 1525 960 1589 ἔκτισε
978 1521 1089 1608 πόλιν,
1108 1518 1159 1608 ἣν
1167 1524 1298 1601 Σόλους

148 1628 306 1696 ἐκάλεσεν
336 1630 369 1709 ἐξ
400 1624 513 1694 αὑτοῦ.
560 1627 595 1693 οί
624 1623 661 1692 δὲ
691 1626 746 1693 καὶ
776 1625 854 1708 τοὺς
885 1631 920 1696 ἐν
937 1628 1076 1720 Κύπρῳ
1106 1628 1238 1708 Σόλους
1266 1631 1298 1710 ἐξ

150 1733 256 1805 αὐτοῦ
280 1755 362 1821 ῳασι
384 1734 440 1802 καὶ
462 1735 654 1820 τελευτῆσαι
678 1729 781 1800 αὐτὸν
801 1736 838 1802 ἐν
856 1734 994 1827 Κύπρῳ.
1031 1741 1154 1824 ἔγραψε
1173 1735 1299 1823 νόμους

221 1966 237 2013 2
259 1955 402 2014 ἐπιστολαὶ
421 1958 574 2026 φαίνονται
593 1949 773 2009 Ἀπολλωνίου
794 1954 869 2010 Πανί.

221 2036 340 2094 DCOXL
370 2037 411 2092 cf.
429 2037 526 2106 Steph.
546 2035 613 2105 Byz.
632 2055 658 2090 v.
677 2029 847 2101 Καρύανδαε
868 2030 1008 2090 ἐντεῦθεν
1027 2027 1063 2105 ήν
1082 2038 1131 2090 καὶ
1150 2033 1262 2103 Σκύλαξ
1283 2035 1298 2092 ὁ

147 2115 270 2180 παλαιὸς
288 2114 464 2187 λογογράφος
487 2117 552 2183 (0111.
571 2114 665 2183 Βοιὼ,
688 2114 723 2168 do
743 2112 819 2169 Suid.
838 2133 865 2183 p.
882 2117 958 2183 447);
983 2116 1084 2171 Strabo
1103 2116 1167 2171 XIV
1191 2136 1217 2187 p.
1237 2123 1297 2174 658.

148 2201 226 2254 Duos
246 2199 375 2268 Scylaoes
389 2197 586 2266 homonymos,
605 2194 725 2248 altorum
739 2195 887 2263 aequalem
901 2196 980 2250 Darii
993 2196 1090 2265 primi,
1111 2196 1227 2251 Suidsm
1243 2199 1300 2266 (vel

146 2279 331 2349 Hesychium)
347 2275 506 2332 confudisse
522 2274 595 2330 vidit
609 2275 729 2330 Vossius,
750 2273 789 2328 Of.
805 2275 892 2329 etism
907 2275 1008 2330 Mfiller
1018 2277 1058 2330 III
1072 2296 1099 2346 p.
1111 2283 1170 2332 183.
1190 2276 1299 2332 Mathe-

147 2359 299 2428 matioum,
318 2360 367 2427 qui
380 2355 570 2412 Halicarnassi
584 2353 716 2409 oriundus
731 2359 803 2425 orat,
823 2359 897 2412 corte
917 2357 946 2410 in
961 2357 1055 2411 animo
1070 2358 1157 2412 habet
1171 2356 1226 2411 Cio.
1242 2356 1298 2414 div.

147 2443 183 2511 II,
203 2446 238 2495 42
325 2445 340 2493 5
360 2439 416 2492 τῶν
434 2442 484 2490 Av
502 2437 552 2490 τού
571 2436 642 2505 vulp.
730 2431 810 2498 ἐκτὸς
828 2437 884 2490 τῶν
903 2437 966 2491 add.
984 2437 1121 2491 Westerm.
1143 2432 1224 2499 ἐντός
1241 2438 1298 2491 τῶν

148 2519 291 2590 flagitavit
305 2521 484 2590 Bernhardy,
499 2518 575 2572 idem
589 2516 713 2586 praefert
728 2516 842 2583 Μαλλίου,
858 2511 937 2578 ἐντὸς
951 2515 1000 2570 καλ
1016 2511 1097 2578 ἐκτός
1110 2516 1166 2570 τῶν
1177 2517 1296 2573 Vossius.

148 2601 191 2658 cf.
212 2600 298 2655 etiam
317 2619 342 2656 v.
362 2595 466 2669 Χάρων
484 2604 580 2668 [lopo.
616 2597 744 2652 Ceterum
763 2597 837 2650 huno
856 2596 983 2650 libellum
1002 2614 1059 2650 non
1077 2595 1217 2651 dissrsum
1237 2614 1298 2653 esso

148 2699 166 2735 a
180 2679 300 2734 Periodo
314 2683 418 2747 terrae,
437 2681 466 2734 st
484 2674 519 2732 τά
538 2674 610 2732 κατὰ
630 2680 682 2732 eto.
698 2694 754 2731 non
767 2675 907 2730 diversum
922 2692 980 2730 esse
995 2692 1013 2729 s
1027 2675 1098 2750 libro
1118 2671 1297 2746 ἀντιγραφήν

147 2760 223 2814 infra
246 2759 401 2814 memorato
424 2759 580 2827 suspicatus
603 2761 647 2812 est
665 2758 780 2821 Mollem
804 2756 852 2810 ssd
875 2772 958 2809 unam
982 2751 1162 2824 ἀντιγραφὴν
1186 2758 1296 2812 mathe-

147 2837 247 2894 matici
262 2855 321 2893 osse
337 2838 410 2893 vidit
426 2838 595 2894 Gutsohmid.
624 2836 766 2906 Periplum
784 2835 907 2904 Scylaois
927 2853 1029 2891 nomen
1046 2836 1181 2891 ferentem
1198 2839 1297 2905 quarto

148 2918 262 2974 saeculo
281 2917 369 2974 s..Ch.
386 2917 624 2973 προσοίσεσθαι]
644 2935 705 2972 esso
724 2917 846 2984 constot3
866 2933 899 2970 ex
919 2916 996 2971 ouius
1013 2916 1094 2970 instio
1114 2911 1245 2985 (ἄρξομαι
1264 2915 1296 2972 δὲ

148 2994 207 3054 άπό
225 2993 395 3067 Ἡρακλείων
410 2999 516 3067 στηλῶν
534 2998 589 3051 τῶν
605 2993 636 3052 ἒν
650 2996 683 3068 τῇ
699 2993 824 3068 Εύρύκη
835 2997 916 3066 μέχρι
925 2992 1037 3064 Ἡρακλ.
1053 3001 1126 3066 στηλ.
1141 2998 1198 3052 τάν
1219 2993 1249 3052 ἐν
1264 3000 1296 3070 τῇ

147 3073 253 3148 Λιβύη)
275 3077 389 3132 Suidam
406 3077 521 3132 titulum
541 3075 663 3131 effecisse
682 3077 798 3146 collegit
817 3077 979 3131 Gsstsshmid
1050 3082 1066 3130 6
1088 3072 1138 3130 τόν
1158 3080 1224 3131 ουλε
1239 3072 1296 3145 ‘Hp

149 3175 204 3212 om.
215 3162 251 3221 νς
270 3157 305 3211 de
319 3156 476 3227 Heraclide,
492 3156 592 3211 Corum
610 3156 693 3223 duce,
708 3157 743 3211 of.
759 3157 936 3224 Gutsohmid‚
954 3158 1023 3211 Mus.
1038 3157 1127 3212 Rhen.
1143 3157 1181 3210 IX
1195 3176 1221 3226 p.
1239 3165 1298 3223 142,

147 3239 177 3293 ελ
200 3252 272 3306 quse
292 3236 363 3292 dixis
380 3237 495 3303 Mfillor,
515 3237 614 3306 Geogr.
635 3236 701 3290 min.
717 3238 729 3289 Ι
748 3256 774 3307 p.
793 3236 937 3291 XXXVIII
956 3237 1007 3306 γῆς
1025 3237 1157 3304 περίοδον
1177 3254 1242 3291 vere
1262 3238 1297 3290 ad

145 3317 357 3387 logogrsphum
376 3319 487 3387 spectat

221 3395 353 3451 DCOXLI
372 3399 447 3453 Eud.
462 3417 489 3468 p.
501 3404 561 3466 651,
580 3413 651 3466 quae
666 3396 795 3451 adiunxit
807 3396 897 3471 Nono.
912 3396 934 3465 Ι,
949 3404 991 3451 21.
1015 3395 1055 3450 cf.
1068 3395 1148 3465 Diog.
1160 3397 1179 3464 I,
1191 3402 1225 3450 45
1240 3414 1297 3466 seq.

144 3476 256 3533 Eodem
276 3475 310 3530 de
328 3477 406 3532 fonto
425 3476 570 3532 descendit
589 3477 681 3532 SohoI.
699 3477 809 3532 Platon.
829 3477 868 3530 VI
886 3495 912 3546 p.
928 3482 993 3531 359:
1016 3472 1129 3541 Σόλων,
1151 3469 1298 3544 Ἀθηναῖος

137 3551 345 3625 Ἐξηκεστίδου
364 3552 438 3627 υἱός,
457 3554 546 3627 σοφός
563 3557 614 3612 καλ
631 3554 790 3627 νομοθέτης
808 3556 857 3609 καλ
875 3554 1042 3625 δημαγωγὸς
1061 3552 1191 3624 γεγονός.
1215 3546 1297 3620 οὗτος

142 3630 355 3706 Πεισιστράτου
374 3633 516 3693 κατεικάν
535 3636 683 3708 μέλλοντος
700 3641 850 3707 τυραννεῖν
865 3631 912 3689 διά
927 3631 979 3704 τήν
995 3631 1024 3702 ἐξ
1039 3629 1128 3690 αὐτοῦ
1144 3632 1297 3709 ἐπιβουλήν

141 3711 334 3786 ἀπεδήμησεν
353 3716 394 3780 είς
412 3720 552 3786 Αἴγυπτον
571 3718 620 3772 καὶ
634 3712 763 3785 Κύπρον,
782 3710 853 3769 άλλά
872 3714 922 3770 καὶ
935 3711 1004 3786 πρὸς
1018 3720 1140 3786 Κροῖσον
1149 3715 1204 3771 Ιτὸν
1219 3720 1297 3786 βασι-

137 3794 199 3852 λέα
219 3797 335 3866 Λυδῶν,
359 3795 420 3852 εἶτα
444 3797 485 3861 είς
502 3800 645 3864 Κιλικίαν,
670 3788 703 3851 οὖ
728 3798 813 3861 κτίζει
836 3793 918 3851 πόλιν
941 3793 1051 3859 Σόλους
1073 3795 1241 3867 λεγομένην,
1266 3794 1297 3852 ἒν

137 3868 163 3948 ᾖ
184 3871 254 3938 τούς
273 3875 509 3941 κατοικισθέντας
526 3873 577 3932 ὑπ’
599 3872 688 3932 αὐτοῦ
710 3872 887 3945 Ἀθηναίους,
910 3871 999 3931 πολλὰ
1018 3877 1068 3946 τῆς
1084 3872 1220 3939 Ἑλλάδος
1239 3897 1297 3944 φω-

136 3956 200 4024 νῆς
224 3950 274 4009 διά
298 3952 329 4011 τὸ
358 3954 450 4029 χρόνῳ
476 3957 699 4031 βαρβαρωθήναι
721 3956 1029 4026 παραφθεγγομένους,
1059 3956 1223 4020 σολοικίζειν
1248 3956 1297 4010 καὶ

137 4035 296 4097 σολοίκους
316 4032 426 4107 ἔλεγον,
446 4033 476 4102 ἐξ
495 4029 529 4090 ού
547 4036 596 4090 καὶ
610 4033 791 4106 σολοικισμός,
820 4032 921 4091 τούτου
940 4032 971 4090 ιδ
986 4034 1076 4106 μηδὲν
1091 4032 1173 4103 άγαν.
1189 4031 1296 4104 ἔγραψε

137 4112 180 4170 δὲ
201 4110 321 4184 νόμους,
345 4109 394 4179 οὓς
417 4112 522 4182 άξονας
543 4112 694 4184 ἐκάλεσαν,
717 4117 766 4171 καλ
785 4111 937 4185 ὑποθήκας
960 4111 999 4170 δι’
1021 4112 1153 4185 ἐλεγείας.
1192 4112 1239 4183 ἔτη
1264 4113 1295 4169 δὲ

134 4190 274 4264 Δγεγονός
292 4189 468 4264 ὀγδοήκοντα
488 4193 520 4251 ἐν
534 4192 639 4266 Κύπρῳ
654 4197 778 4271 τελευτᾷ.
807 4196 1016 4266 Hesychisnum
1030 4213 1090 4250 osse
1105 4195 1179 4250 vidit
1193 4194 1296 4262 Rosos,

135 4271 221 4331 Mus.
236 4275 324 4332 Rhen.
339 4276 457 4331 XXXIII
471 4297 497 4348 p.
513 4283 565 4332 205
579 4279 647 4344 not„
661 4275 787 4344 neglexit
802 4278 942 4331 Μολίονα
955 4295 983 4346 p.
994 4281 1027 4331 67
1042 4277 1099 4330 not.
1112 4281 1137 4345 1,
1151 4291 1206 4329 non
1220 4277 1296 4330 recto

136 4351 307 4423 disputavit
325 4355 424 4423 Πανί),
443 4356 477 4410 de
496 4356 569 4426 YIoI.
588 4375 615 4425 p.
631 4361 665 4409 24
750 4361 766 4408 8
784 4353 875 4426 Ἐξηκ.
895 4375 948 4412 om.
967 4357 1043 4411 Εκιλ.
1129 4363 1144 4411 9
1164 4354 1213 4409 καὶ
1231 4357 1295 4425 δημ.

138 4448 206 4488 om.
219 4434 296 4490 Eud.
352 4442 385 4490 10
400 4453 435 4489 an
450 4432 498 4506 με’
519 4436 582 4491 ooll.
598 4436 710 4492 Clisston
723 4454 750 4507 p.
762 4442 813 4490 312
824 4435 890 4492 Καί
909 4438 958 4492 sed
971 4436 1005 4491 of.
1021 4436 1120 4493 Rohde
1134 4436 1152 4492 l.
1169 4454 1190 4489 c.
1205 4454 1232 4506 p.
1245 4440 1295 4489 183
