2910 5056
622 306 836 363 HESYCHIUS.
1283 304 1304 368 3

246 468 303 536 VI.
331 464 520 554 Ἀγάπιος
558 460 657 547 οὗτος
675 459 719 554 ήν
740 465 975 555 Ἀλεξανδρεὺς
993 466 1054 553 μὲν
1077 464 1114 535 τὸ
1137 468 1245 554 γένος,
1269 468 1305 535 έκ

139 576 287 652 παίδων
310 572 347 641 δὲ
370 572 484 659 λόγοις
506 575 682 660 ἐντραφεὶς
704 576 909 662 ἐλευθερίοις
927 573 987 641 ’καὶ
1011 577 1168 662 ἰατρικῶν
1196 583 1304 661 μαθη-

153 679 269 767 μάτων
288 680 450 767 ἐξηγητής
469 679 629 770 γεγονῶς,
658 679 816 750 άνελθῶν
840 686 886 760 εἰς
908 678 946 748 τὸ
970 677 1155 760 Βυζάντιον
1180 684 1304 770 διατρι-

151 786 219 874 βήν
246 813 281 854 τε
309 786 515 874 συνεπήξατο
543 787 632 874 μάλα
662 787 843 875 διαπρεπῆ,
872 786 1004 873 φύσεῶς
1031 813 1065 855 τε
1092 789 1226 874 μεγέθει
1249 788 1304 855 καὶ

155 893 318 980 δεξιότητι
341 893 442 981 τύχης
466 895 689 982 χρησάμενος,
713 893 850 974 ἔνδοξός
872 920 908 961 τε
932 894 983 961 ἐπὶ
1007 897 1046 982 τῇ
1065 895 1163 984 τέχνη
1187 897 1331 981 γέγονεῡ

153 1002 211 1069 καί
233 1001 384 1088 χρήματα
403 1003 529 1088 μεγάλα
552 1007 755 1088 σννείλοχεν.
1072 999 1073 1002 “

242 1111 316 1177 VII.
349 1106 561 1194 Ἀδριανδς
584 1107 760 1195 σοφιστής,
784 1107 937 1196 μαθητής
955 1106 1126 1197 Ἡρῶδον,
1156 1105 1305 1195 ἀκμάσας

152 1216 206 1284 al
229 1214 375 1303 Μάρκου
395 1214 614 1301 Ἀντωνίνου,
644 1212 904 1302 άντισχολαστής
929 1214 1132 1303 Ἀριστείδον
1159 1219 1221 1283 τού
1250 1214 1305 1302 βή-
1400 1222 1408 1235 “

153 1348 253 1409 τορος
276 1323 314 1420 έν
333 1320 492 1410 Ἀθήναις
514 1321 704 1409 γενόμενος.
751 1325 965 1409 ἐσοφίστευσε
995 1321 1032 1389 δὲ
1060 1323 1114 1389 καί
1138 1319 1219 1390 κατὰ
1243 1319 1305 1408 τήν

145 1426 295 1526 Ῥῶμην,
325 1430 381 1497 καὶ
410 1427 634 1516 ἀντιγραφεὺς
656 1431 724 1496 τῶν
753 1429 936 1496 ἐπιστολῶν
959 1425 1024 1496 ὑπὸ
1048 1427 1211 1516 Κομόδον
1234 1429 1304 1514 ε’γέ-
1319 1447 1344 1486 1⁰

151 1561 241 1604 νετο.
286 1538 421 1624 μελέτας
444 1537 500 1605 καὶ
523 1535 797 1625 μεταμορφώσεις
819 1539 856 1603 έν
879 1541 1023 1622 βιβλίοις
1045 1535 1081 1621 ξ,
1105 1536 1179 1624 περὶ
1204 1538 1304 1602 ἰδεῶν

151 1643 259 1730 λόγου
282 1646 318 1712 έν
342 1648 486 1730 βιβλίοις
508 1643 544 1729 ε’,
572 1644 646 1730 περί
675 1647 743 1731 τῶν
771 1644 808 1710 έν
831 1644 902 1722 ταῖς
925 1641 1082 1710 στάσεσιν
1110 1641 1302 1729 ἰδιωμάτων

150 1753 190 1818 έν
213 1756 357 1837 βιβλίοις
378 1751 420 1838 γ’,
445 1749 618 1830 ἐπιστολὰς
640 1751 695 1818 καὶ
714 1749 836 1836 λόγους
860 1750 1112 1836 ἐπιδεικτικούς,Ι
1140 1749 1303 1835 Φάλαριν,

152 1857 436 1947 παραμυθητικὸν
459 1863 506 1939 εἰς
528 1861 667 1945 Κέλερα.
784 1943 786 1947 ,

241 1968 332 2036 VHI.
358 1963 573 2052 Ἀθήναιος
583 1970 817 2054 Ναυκρατίτης
831 1966 1071 2052 γραμματικός,
1090 1962 1236 2052 γεγονῶς
1250 1965 1303 2032 ἐπὶ
1320 1989 1345 2029 15

150 2077 224 2140 τῶν
242 2071 377 2160 χρόνων
397 2074 551 2159 Μάρκον.
588 2076 713 2160 ἔγραψε
730 2076 864 2157 βιβλίον
884 2069 992 2159 ὄνομα
1007 2078 1305 2158 Δειπνοσοφισταί,

150 2181 193 2247 έν
226 2169 252 2266 ᾧ
285 2178 488 2267 μνημονεύει
523 2176 598 2246 ὅσοι
630 2182 699 2246 τῶν
730 2182 885 2246 παλαιῶν
915 2178 1155 2266 μεγαλοψύχως
1187 2180 1305 2260 ἔδοξαν

153 2287 280 2354 ἑστιῶν.
328 2283 359 2369 [ὁ
392 2287 493 2374 μέγας
519 2283 735 2371 Ἀλέξανδρος
762 2282 921 2371 κάκείνην
949 2285 1088 2373 νικήσας
1117 2290 1305 2374 ναυμαχίαν
1413 2324 1416 2328 ‡

149 2396 457 2480 Λακεδαιμονίους,
476 2393 532 2461 καὶ
554 2397 698 2479 τειχίσας
716 2390 777 2460 τὸν
796 2397 941 2480 Πειραιᾶ
959 2391 1222 2483 καίγέκατόμβην
1241 2391 1302 2459 θύ-

148 2518 215 2578 σας
236 2499 364 2580 πάντας
387 2504 552 2569 εἰστίασεν
578 2496 786 2586 Ἀθηναίους.
832 2500 886 2566 καί
913 2497 1122 2586 Ἀλκιβιάδης
1144 2497 1305 2586 Ὀλύμπια
1320 2525 1346 2562 20

149 2607 293 2694 νικήσας
315 2605 377 2694 τήν
400 2607 590 2696 πανήγυριν
620 2603 754 2673 ἅπασαν
782 2608 933 2676 εἱστίασε.
978 2610 1015 2674 τὸ
1041 2604 1122 2674 αὐτὸ
1145 2607 1201 2673 καὶ
1222 2605 1304 2673 Λεό-

148 2741 251 2801 φρων
276 2712 524 2801 όλυμπιονίκης.
569 2713 625 2780 καὶ
645 2710 868 2800 Ἐμπεδοκλῆς
894 2709 911 2779 ὁ
934 2710 1205 2800 Ἀκραγαντῖνος,
1234 2720 1305 2780 Πυ-

224 2929 264 2985 VI
287 2929 363 2986 Eud.
389 2948 415 2999 p.
440 2934 475 2983 84
497 2927 571 2982 inter
593 2925 715 2980 medicos
738 2927 813 2981 huno
832 2927 971 2997 Agapium
996 2944 1160 2984 enumerans
1182 2928 1305 2983 breviter

148 3012 262 3065 narrat:
283 3005 429 3078 ἐξηγήσεις
447 3009 577 3068 πλείστας
593 3004 725 3073 ἰατρικῶν
740 3003 917 3077 μαθημάτων
933 3006 1107 3078 συνέγραψε,
1126 3024 1198 3078 quae
1214 3008 1304 3078 magis

148 3091 327 3161 Hesyebium
345 3091 485 3158 redolent,
504 3103 589 3157 quam
604 3085 728 3143 Suidana
796 3095 811 3141 2
830 3106 881 3157 pro
902 3087 1034 3159 ἰατρικῶν
1053 3107 1087 3144 ex
1101 3090 1182 3143 Phot.
1197 3088 1265 3143 bibl.
1285 3088 1303 3142 l.

150 3188 176 3225 ο.
198 3167 354 3242 ῥητορικῶν
373 3171 420 3227 vel
436 3167 638 3241 γραμματικῶν
658 3166 728 3221 coni.
748 3169 926 3240 Bernhardy,
950 3167 1095 3240 ἱστορικῶν
1118 3170 1213 3224 Doab.
1250 3169 1305 3224 Sed

150 3268 217 3306 enm
240 3251 368 3306 Eudoeia
390 3251 530 3306 medicum
553 3267 617 3304 eum
644 3247 730 3302 fuisse
758 3248 846 3316 dicat,
875 3266 931 3304 non
955 3252 998 3305 est
1021 3251 1094 3319 quod
1118 3250 1302 3319 corrigamns3

149 3348 220 3386 nam
243 3333 331 3387 etiam
351 3332 475 3400 θεοίνια,
500 3331 535 3385 de
554 3348 609 3400 quo
628 3328 792 3384 Damasoius
810 3329 829 3382 l.
849 3347 872 3384 ο.
891 3331 977 3399 paulo
995 3331 1069 3386 infra
1088 3328 1255 3400 disputavit,
1275 3332 1305 3383 et

149 3413 294 3469 medicum
317 3415 347 3468 et
371 3411 570 3483 philosophum
597 3410 682 3465 fuisse
706 3411 824 3466 constat.
872 3409 1000 3465 Ceterum
1024 3411 1138 3465 Suidam
1166 3409 1251 3465 etiam
1277 3428 1303 3466 v.

151 3489 253 3563 Νόμος
277 3495 306 3548 et
325 3488 446 3547 *Tnario
465 3491 584 3547 eundem
608 3488 748 3559 Agapiurn
766 3491 897 3546 laudasse
916 3492 1026 3547 monuit
1043 3492 1189 3547 Reioesias

225 3574 278 3628 VII
297 3573 373 3628 an.
393 3592 419 3643 p.
440 3577 487 3641 86,
511 3587 582 3642 quae
601 3566 783 3641 incipitJ'Adp.
804 3567 836 3626 ἐκ
854 3568 962 3634 πόλεως
982 3569 1077 3642 Τύρου
1095 3573 1145 3642 τῆς
1164 3573 1304 3642 Φοινίκης,

151 3658 225 3724 perd.
244 3650 355 3724 ‘Hpod.‚
379 3648 517 3723 άντισχολ.
539 3646 589 3720 Ἀρ.
613 3671 636 3705 τ.
661 3647 720 3720 βήτ.
745 3647 777 3705 ἰν
793 3646 848 3708 Ἀθ.
868 3672 935 3722 γεν.,
956 3651 1056 3706 deinde
1075 3670 1194 3723 pergens
1211 3652 1304 3706 Philo·

151 3736 231 3789 strat.
246 3733 305 3791 Vit.
325 3732 411 3804 Soph.
430 3733 464 3802 II,
486 3738 518 3786 10
538 3731 701 3801 compilavit
719 3732 748 3784 et
767 3733 818 3786 sub
836 3733 882 3786 fin.
902 3730 1009 3802 ἔγραψε
1029 3731 1145 3803 μελέτας
1164 3751 1220 3802 seq.
1242 3750 1305 3787 eum

152 3811 256 3868 Suidae
279 3812 373 3868 verbis
396 3811 581 3880 congruentia
605 3810 726 3865 exhibet.
764 3810 804 3866 Cf.
828 3831 855 3867 v.
872 3807 1036 3881 Ἀριστείδης
1055 3815 1084 3867 et
1098 3807 1223 3882 Ἡρώδης
1240 3807 1304 3868 Ἰού-

150 3897 220 3956 λιος.
285 3899 300 3948 '1
320 3887 451 3963 dispuitur
470 3889 502 3946 δὲ
521 3893 594 3961 vulp.
614 3889 645 3946 δὲ
665 3909 719 3946 om.
739 3896 818 3943 m
880 3898 911 3946 11
933 3889 1039 3962 ἔγραψε
1060 3896 1117 3963 μελ.
1136 3895 1209 3962 vulp.
1227 3892 1304 3947 Ead-

153 3970 262 4044 ἔγραψε
282 3978 375 4029 om.A
473 3975 577 4046 βίβλοις
595 3973 641 4028 hio
659 3975 689 4028 et
706 3973 820 4027 infraA
925 3972 962 4026 12’
979 3969 1010 4027 έν
1028 3975 1094 4028 ante
1113 3991 1189 4028 στασ.
1210 3976 1304 4027 οω.Δ

153 4058 187 4106 13
208 4051 257 4106 καὶ
276 4048 349 4107 dod

226 4131 291 4186 VIII
309 4133 352 4187 De
369 4132 503 4203 Hesychii
522 4133 642 4188 articulo
661 4132 720 4186 dixi
738 4132 807 4188 Mus.
823 4133 912 4187 Rhen.
928 4133 1031 4189 XXXV
1049 4152 1076 4203 p.
1092 4140 1143 4189 202
1208 4138 1240 4186 15
1262 4133 1303 4187 ef.

151 4213 258 4268 Athen.
276 4211 328 4267 VII
345 4230 373 4282 p.
390 4218 440 4266 301
533 4208 586 4282 έπί,
602 4213 658 4266 τῶν
681 4209 789 4281 χρόνων
808 4210 930 4282 Μάρκου
951 4211 1111 4276 caracallae
1132 4211 1304 4281 temporibus

151 4291 313 4364 significare
334 4293 477 4362 perspexit
494 4293 607 4359 Robde,
626 4291 697 4348 Mus.
716 4282 803 4347 Rben.
819 4291 938 4346 XXXIII
956 4311 983 4362 p.
1000 4299 1050 4347 172
1125 4298 1157 4347 17
1179 4292 1304 4359 Sequun-

150 4376 201 4429 tur
220 4373 286 4442 post
302 4372 435 4442 Hesychii
453 4373 541 4429 ultam
561 4377 692 4444 excerpta
713 4392 747 4429 ex
765 4375 909 4429 Athenaeo
931 4372 982 4442 lp.
998 4379 1023 4441 3,
1043 4388 1115 4440 quae
1128 4371 1182 4441 ipsi
1202 4370 1305 4426 Suidae

149 4452 306 4522 debentur,
325 4452 443 4509 fortasse
462 4453 547 4508 etiam
567 4450 598 4508 ἰν
618 4448 639 4528 ᾧ
659 4475 741 4526 μνημ.
762 4471 819 4523 seq.

1057 4542 1092 4593 1*
