2910 5056
624 309 838 365 HESYCHIUS.
1258 315 1297 376 21

153 475 281 537 λωνίου
300 470 362 554 Ικαὶ
391 468 515 558 μητρὸς
542 476 712 550 πολίτιδος
738 476 805 541 τῶν
834 474 1023 559 ἐπιφανῶν,
1055 471 1096 542 δν
1123 476 1251 544 κύουσα
1279 473 1300 562 ἡ

153 579 262 664 μητηρ
286 577 465 647 ἐπιστάντα
484 581 629 664 δαίμονα
648 578 823 665 ἐθεάσατο,
847 580 986 665 λέγοντα
1007 577 1051 660 ῶς
1070 579 1170 661 αὐτὸς
1188 592 1239 669 είη
1259 578 1299 650 δν

151 684 242 770 κύει,
279 683 365 752 εἶναι
403 684 439 752 δὲ
472 687 613 772 Πρωτέα
645 684 705 753 τὸν
738 688 939 773 Αίγύπτιον,
977 687 1061 756 ὅθεν
1093 687 1300 777 ὑπειλῆφθαι

153 790 260 859 αὐτὸν
289 793 454 878 Πρωτέως
482 790 567 860 εἶναι
596 792 683 860 υίόν.
728 793 783 860 καὶ
811 792 932 880 ἤκμαζε
960 793 1021 881 μέν
1049 796 1101 862 ἐπὶ
1125 800 1300 863 Κλαυδίου

152 901 210 966 καὶ
236 905 341 967 Γαίου
363 899 418 966 καὶ
442 900 603 984 Νέρωνος
621 900 677 966 καὶ
700 902 794 986 μέχρι
817 900 946 985 Νέρβα,
970 899 1022 987 ἐφ’
1045 893 1086 969 οὗ
1109 904 1163 969 καὶ
1186 905 1327 990 μετηλτ

153 1009 264 1092 λαξεν,
287 1005 451 1092 ἐσιώπησε
476 1005 514 1074 δέ
533 1005 615 1074 κατά
634 1005 847 1093 Πυθαγόραν
864 1008 962 1074 πέντε
981 1013 1045 1094 ἐτη.
1083 1007 1152 1076 εἶτα
1174 1008 1300 1096 ἀπῆρεν

153 1119 201 1193 είς
220 1122 404 1199 Αίγυπτον,
428 1119 538 1181 ἔπειτα
558 1118 604 1192 είς
626 1117 815 1198 Βαβυλῶνα
834 1113 917 1200 πρὸς
935 1113 1014 1194 τοὺς
1032 1115 1170 1201 μάγους,
1193 1113 1299 1183 κάκεϊ-

152 1231 219 1289 θεν
242 1223 294 1290 ἐπὶ
317 1217 395 1299 τοὺς
408 1218 565 1307 Ἄραβας,
591 1221 646 1287 καί
671 1222 815 1306 συνηξεν
837 1223 872 1287 ἐκ
897 1220 1031 1307 πάντων
1055 1221 1095 1289 τὰ
1118 1228 1221 1310 μυρία
1244 1224 1299 1290 καὶ

151 1328 228 1414 περὶ
247 1327 352 1397 αὐτοῦ
372 1327 590 1415 θρυλούμενα
609 1326 875 1414 μαγγανεύματα.
910 1327 1066 1407 συνέταξε
1085 1328 1122 1395 δέ
1140 1332 1299 1397 τοσαῦτα·

152 1434 284 1515 τελετάς
298 1432 318 1522 ἢ
333 1435 408 1519 περὶ
423 1439 568 1520 θυσιῶν,
588 1434 769 1521 διαθήκην,
789 1432 968 1521 χρησμούς,
983 1433 1166 1520 ἐπιστολάς,
1181 1443 1299 1503 Πυθα-
1314 1465 1340 1502 ιο

151 1542 260 1631 γάρου
282 1548 369 1628 βίον.

241 1650 385 1717 LXXXI.
410 1647 670 1726 Ἀπολλῶνιος
693 1648 803 1731 ἕτερος
835 1647 993 1732 Τυανεύς,
1013 1647 1200 1735 φιλόσοφος
1219 1649 1299 1717 νεῶ-

150 1783 262 1844 τερος,
290 1755 437 1843 γεγονὼς
464 1755 517 1822 ἐπὶ
538 1753 718 1843 Ἀδριανοῦ
744 1758 805 1822 τοῦ
836 1756 1013 1841 βασιλέως,
1043 1752 1087 1834 ῶς
1107 1752 1299 1843 Ἀγρέσφων

154 1865 191 1932 ἐν
215 1867 261 1956 τῷ
284 1863 360 1948 περὶ
384 1860 583 1949 ὁμωνύμων.

241 1974 403 2039 LXXXII.
438 1969 647 2048 Ἀππιανός
670 1970 719 2057 (οί
741 1969 778 2037 δὲ
803 1968 858 2036 διά
880 1973 942 2037 τοῦ
966 1969 1042 2048 ἐνὸς
1065 1996 1088 2036 π
1106 1970 1298 2058 γράφουσιν
1313 1998 1338 2036 15

147 2078 316 2167 Ἁπιανός)
342 2076 463 2165 [ὄνομα
486 2077 615 2163 κύριον.
657 2067 754 2155 οὗτος
778 2074 796 2144 ὁ
818 2074 995 2155 Ἀππιανδς
1019 2081 1141 2162 ἔγραψε
1160 2075 1295 2165 Ῥωμαϊ-

149 2184 213 2272 κὴν
242 2189 411 2270 ίστορίαν,
439 2185 501 2271 τὴν
524 2184 735 2270 καλουμένην
758 2183 945 2270 βασιλικήν.
991 2185 1047 2251 καὶ
1071 2187 1107 2250 αί
1128 2184 1188 2271 μὲν
1211 2200 1299 2273 τρεῖς

149 2298 263 2379 βίβλοι
283 2290 468 2360 Ἀππιανοῦ
496 2294 533 2358 αί
558 2295 686 2378 πρῶται
709 2290 1020 2378 περιλαμβάνουσιν
1044 2289 1106 2359 ὅσα
1125 2289 1299 2379 Ῥωμαίοις

151 2398 411 2485 ἀγωνιζομένοις
444 2400 476 2477 ές
501 2395 686 2475 Ἰταλιώτας
719 2402 765 2464 ἔτι
797 2398 872 2483 περὶ
906 2396 1008 2485 ἀρχῆς
1035 2399 1090 2465 καὶ
1120 2397 1298 2487 ἡγεμονίας

150 2505 317 2593 ἐπράχθη·
337 2503 399 2572 ὅσα
419 2502 450 2572 δ’
468 2503 554 2591 ἀμφὶ
573 2504 634 2591 την
651 2503 794 2573 Ἰταλίαν
814 2504 898 2574 άλλα
912 2512 1039 2574 Κελτοί
1053 2533 1088 2573 τε
1104 2507 1159 2572 καὶ
1175 2511 1297 2590 Λίβυες
1311 2535 1337 2573 εο

152 2611 299 2699 ἔδρασάν
323 2638 357 2678 τε
379 2612 435 2679 καὶ
459 2616 600 2696 ἔπαθον,
624 2613 679 2678 καὶ
703 2621 736 2678 εί
754 2618 789 2678 τί
809 2636 875 2678 που
893 2614 948 2679 καὶ
967 2618 1025 2698 τῆς
1041 2611 1180 2690 Ἰταλίας
1198 2613 1298 2698 μέρος

150 2718 313 2806 άνάγκαις
335 2713 355 2803 η’
380 2719 531 2804 ἐνέδραις
553 2714 574 2803 ἢ
597 2717 740 2796 πλάναις
763 2718 798 2806 ἐς
819 2716 941 2798 αὐτοὺς
964 2721 1136 2804 μετέθετο,
1167 2721 1297 2797 ἐντοῖς
1371 2712 1373 2716 ⁴

108 2816 111 2824 ¹
149 2827 225 2911 περὶ
249 2827 387 2893 Κελτῶν
410 2824 465 2890 καὶ
488 2823 637 2910 Λιβύων.
684 2827 929 2911 συγγέγραπται
953 2824 986 2893 δ’
1006 2823 1059 2912 ἐφ’
1082 2828 1210 2894 ἑαυτῶν
1234 2823 1296 2893 ὅσα

149 2935 204 3002 καὶ
233 2934 266 3012 ἐς
293 2930 351 3010 τάς
378 2932 562 3016 ἐμφυλίους
583 2928 755 3018 Ῥωμαίων
785 2930 916 3011 στάσεις
943 2929 964 3018 ἡ
992 2931 1112 3000 Ἰταλία
1142 2940 1297 3020 διηρεῖτο.

151 3046 197 3108 ἔτι
224 3037 304 3118 τοὺς
331 3036 414 3125 πρὸς
442 3036 605 3124 Κελτούς,
638 3040 786 3106 τουτέστι
816 3039 1024 3127 Γερμανούς,
1058 3047 1094 3107 οἳ
1121 3037 1207 3127 άμφὶ
1234 3039 1294 3108 τὸν
1309 3067 1335 3106 τε

130 3134 267 3233 Ῥῆνον
290 3143 441 3231 ποταμόν
465 3148 567 3230 είσιν,
594 3144 750 3225 καὶτοὺς
774 3145 939 3234 Γαλάτας,
963 3148 1111 3214 τουτέστι
1136 3146 1296 3231 Γάλλους,

151 3253 316 3338 πολέμους
342 3252 397 3317 καὶ
425 3249 483 3330 τὰς
510 3255 617 3330 αίτίας
645 3250 771 3337 αὐτῶν,
801 3250 863 3320 ὅσα
888 3279 922 3319 τε
946 3257 1115 3341 συνθῆκαι
1137 3254 1193 3321 καὶ
1216 3275 1296 3322 συν-

150 3362 267 3444 θηκῶν
290 3358 493 3445 παραβάσεις
516 3355 537 3445 ἢ
561 3357 798 3437 ἐπαναστάσεις
821 3361 976 3444 ἐγένοντο
996 3359 1133 3428 Κελτῶν
1158 3363 1219 3440 ἕως
1243 3362 1295 3428 ἐπὶ

150 3469 209 3533 τοῦ
232 3469 350 3550 Γαΐου,
377 3463 396 3551 ἡ
420 3465 557 3553 τετάρτη
582 3470 697 3551 βίβλος
719 3467 861 3552 περιέχει
886 3471 1109 3551 συλλαβοῦσα.
1150 3472 1181 3534 εί
1204 3470 1244 3536 δέ
1264 3474 1299 3535 τί

150 3596 214 3638 που
243 3571 366 3638 Κελτοὶ
394 3571 439 3660 μὴ
467 3571 548 3639 κατὰ
576 3570 748 3658 πρόφασιν
777 3576 903 3639 οίκείαν
932 3569 1016 3639 άλλά
1045 3579 1296 3661 συμμαχοῦντες
1309 3602 1336 3641 3ο

152 3737 380 3811 μαγγανεύματα,
417 3743 512 3796 Pauca
531 3741 677 3810 descripsit
695 3741 931 3812 Ρεεκολο-Ηεεγιλ.
951 3761 974 3797 ο.
991 3750 1004 3796 1
1092 3750 1108 3798 4
1129 3739 1175 3797 ἐπὶ
1195 3749 1231 3798 Γ.“
1247 3746 1295 3798 καί

152 3823 197 3873 Κλ.
217 3820 303 3874 Βανδ
396 3827 428 3874 10
455 3820 503 3874 καὶ
527 3815 596 3874 άλλα
620 3817 707 3874 πολλά
731 3820 794 3875 add.
814 3822 899 3890 Eud„
924 3824 989 3892 post
1015 3826 1077 3896 βίον
1101 3823 1236 3879 nonnulla
1262 3843 1295 3880 ex

154 3898 316 3953 Philostrati
335 3898 394 3953 vita
412 3898 556 3968 Apollonii
575 3900 638 3956 add.
658 3901 769 3956 Suidas‘

220 3980 336 4034 LXXXI
354 3979 467 4050 ignorat
485 3979 560 4034 Εκιί.
624 3988 657 4035 13
674 3977 840 4052 Ἀργεσιφῶν
860 3999 928 4037 corr.
943 3983 1097 4050 Νίιίεειλε,
1116 3983 1185 4038 Mus.
1205 3984 1292 4037 Rhen.

152 4060 282 4130 XXIVp.
297 4066 348 4114 227
366 4057 515 4129 Ἀγεσιφῶν
528 4060 651 4114 tentavit
664 4061 767 4132 Βολιοίε,
782 4063 851 4118 Mus.
866 4064 953 4117 Rhen.
964 4063 1082 4118 XXXIV
1095 4083 1121 4134 p.
1133 4071 1183 4118 621
1198 4067 1256 4118 not.
1268 4071 1293 4133 2,

150 4135 313 4211 ’Λγερσιφῶν
334 4159 395 4196 cum
414 4142 451 4194 K.
466 4141 559 4194 KeiIIo
577 4141 688 4208 Maass,
707 4143 799 4213 Biogr.
819 4163 846 4213 p.
862 4150 896 4198 54
910 4146 968 4199 not.

219 4221 349 4276 LXXXII
337 4221 418 4277 1.cf
432 4220 641 4288 Mendelssohn,
655 4221 723 4277 Mus.
739 4224 827 4279 Rhen
842 4224 973 4293 XXXIp.
989 4231 1116 4292 201seq.¹
1166 4229 1198 4276 15
1219 4221 1292 4279 οίδὲ

153 4319 208 4371 seq
227 4304 282 4357 huc
301 4303 337 4357 ab
357 4303 422 4357 exit.
441 4304 493 4357 art.
511 4305 679 4373 Iransposui
739 4312 771 4360 16
791 4306 832 4359 De
850 4305 1042 4360 additamenIo
1057 4303 1198 4372 uberim,
1218 4305 1293 4371 quod

154 4382 253 4437 Suidae
273 4381 399 4450 debetur,
419 4383 560 4438 dixiMus.
576 4385 663 4439 Rhen
678 4385 781 4440 XXXV
796 4405 822 4454 p.
838 4391 890 4438 204
936 4381 1073 4494 ὄνομα-
1088 4379 1140 4439 ’Am
1154 4402 1208 4439 om.
1218 4389 1293 4437 BEV

152 4453 234 4526 οὗτος
252 4479 308 4532 seq.
328 4463 476 4519 habetA'
468 4482 497 4517 1n
511 4482 599 4533 marg.
