2880 5054
176 287 219 351 56
640 287 854 342 unsrcuius.

177 446 301 535 πατρὸς
323 447 434 536 Τήρου
452 446 602 534 τοῦνομα
620 453 772 532 κληθείς,
793 444 1009 534 Ἀριστάρχου
1031 447 1201 535 μαθητής,
1224 474 1319 536 γραμ·

110 544 118 555 ’
177 558 322 641 ματικός,
336 556 391 622 καὶ
407 554 588 641 ἐξηγήσατο
610 558 821 639 Τυραννίωνι
840 558 884 644 τῷ
902 555 1063 644 προτέρῳ,
1083 550 1120 634 δς
1135 557 1320 640 έσοφίστευ·

178 681 235 729 σευ
256 664 291 729 έν
310 659 418 749 Ῥώμη
443 662 494 728 ἐπὶ
514 667 695 748 Πομπηίου
716 666 776 728 τοῦ
800 659 955 747 μεγοίλου.
990 662 1148 742 συνέταξε
1172 661 1225 730 δὲ·
1240 669 1319 729 πλεί-

178 788 238 835 στα
261 766 469 855 γραμματικά
493 794 526 836 τε
549 768 604 834 καλ
629 765 875 852 συνταγματικόι
897 767 953 834 καὶ
976 765 1210 856 ὑπομνήματα.

151 897 164 937 5
268 876 406 943 CCXIV.
457 873 678 953 Διονύσιος
710 871 959 959 Ἀλεξανδρεύς,
995 870 1012 940 ὁ
1048 873 1207 943 Γλαύκου
1242 875 1318 963 υίός,

177 981 414 1069 γραμματικός,
444 978 534 1060 ὅστις
556 978 619 1048 ἀπὸ
647 982 803 1068 Νέρωνος
832 972 896 1067 <ήν
926 981 1004 1067 καὶ>
1033 985 1141 1067 συνῆν
1173 982 1231 1049 καὶ
1256 996 1319 1061 τοῖς

178 1092 273 1187 μέχρι
304 1091 472 1172 Τραϊανοῦ
495 1088 550 1154 καὶ
577 1091 644 1155 τῶν
670 1090 899 1173 βιβλιοθηκῶν
924 1086 1072 1173 προέστη
1101 1089 1158 1155 καλ
1183 1090 1237 1157 ἐπὶ
1259 1093 1318 1157 τῦν

179 1180 362 1263 ἐπιστολῶν
380 1194 434 1261 καλ
452 1194 639 1282 πρεσβειῶν
657 1196 786 1277 ἐγένετο
806 1194 861 1260 καὶ
876 1192 1122 1280 όιποκριμότων.
1146 1186 1191 1281 ήν
1211 1194 1248 1263 δὲ
1270 1196 1318 1262 καλ

180 1301 379 1382 διδάσκαλος
403 1307 603 1389 Παρθενίου
625 1305 687 1367 τοῦ
710 1304 948 1387 γραμματικοῦ,
968 1300 1120 1388 μαθητής
1142 1302 1180 1370 δέ
1205 1302 1319 1391 Χαιρή-

140 1429 165 1467 1⁰
180 1435 283 1496 μονος
305 1412 366 1476 τοῦ
390 1409 597 1495 φιλοσόφου,
622 1402 662 1474 ὃν
685 1407 740 1473 καὶ
765 1409 932 1488 διεδέξατο
957 1409 992 1474 έν
1014 1405 1254 1500 Ἀλεξανδρεία.

269 1517 363 1583 CCV.
402 1513 623 1592 Διονύσιος
649 1511 870 1601 Ἀλεξάνδρου
894 1511 1190 1602 Ἁλικαρνασσεύς,
1220 1515 1320 1604 ῥήτωρ

180 1621 235 1689 καλ
259 1626 424 1701 παντοίως
446 1621 567 1707 λόγιος,
591 1621 707 1705 γέγονε
730 1618 767 1686 δέ
787 1620 838 1687 ἐπὶ
862 1626 1033 1708 Καίσαρος
1055 1625 1116 1689 τοῦ
1141 1626 1319 1708 Σεβαστοῦ,

180 1717 348 1806 πρόγονος
370 1722 431 1786 τοῦ
455 1719 507 1785 ἐπὶ
529 1717 707 1802 Ἀδριανοῦ
730 1720 908 1804 γεγονότος
928 1715 1140 1788 Ἀττικιστοῦ.

270 1826 411 1893 CCXVI.
446 1823 701 1902 Διονύσιος
732 1830 963 1910 Μιτυληναῖος
985 1825 991 1916 Ι
1019 1826 1186 1907 ἐποποιός.
1205 1826 1212 1919 Ι
1233 1818 1320 1906 οὗτος

142 1959 167 2000 15
182 1931 306 2018 ἐκλήθη
327 1936 590 2018 Σκυτοβραχίων
609 1931 663 1996 καλ
684 1931 842 2010 Σκυτεύς.
878 1931 939 2017 τὴν
961 1932 1137 2001 Διονύσου
1156 1934 1216 2001 καλ
1233 1932 1321 2019 Ἀθη-

181 2043 242 2117 νῦς
256 2044 442 2122 στρατείαν,
454 2034 690 2124 Ἀργοναυτικδι
701 2038 737 2103 έν
751 2042 895 2122 βιβλίοις
905 2038 931 2119 ς’
949 2039 1065 2125 (ταῦτα
1085 2040 1126 2107 δέ
1143 2041 1213 2108 ἐστι
1227 2039 1321 2130 πεζά),

156 2174 159 2179 ·
183 2143 189 2234 Ι
214 2143 341 2230 μυθικὰ
361 2142 444 2231 πρὸς
468 2144 691 2229 Παρμένοντα
701 2142 717 2233 Ι

273 2251 431 2319 CCXVII.
469 2248 690 2328 Διονύσιος
713 2248 897 2329 Βυζοίντιος
923 2251 1086 2331 ἐποποιός.
1133 2254 1321 2343 περιήγησιν

256 2452 269 2499 1
297 2447 400 2515 Τῆρος,
420 2446 495 2516 quod
514 2446 579 2500 libri
603 2448 669 2516 post
690 2441 783 2513 Τήρου
802 2447 951 2516 praebent,
976 2449 1081 2504 delevit
1098 2415 1322 2517 Ηιωείιτλιαιίατς

183 2527 217 2579 cf.
236 2527 327 2594 DIeIs,
348 2526 416 2580 Dox.
436 2545 463 2595 p.
480 2531 513 2579 87
528 2529 585 2580 not.
646 2532 661 2579 3
678 2520 763 2594 Ῥόδῳ
784 2527 846 2581 coll.
865 2528 965 2583 Athen.
985 2528 1024 2581 XI
1041 2548 1068 2599 p.
1088 2537 1141 2586 489
1160 2536 1191 2586 et
1208 2530 1285 2587 scic.
1300 2548 1323 2585 v.

185 2609 350 2673 Τυραννίων
371 2607 416 2673 (cf.
438 2607 537 2661 Strabo
556 2607 621 2660 XIV
640 2625 666 2675 p.
683 2607 746 2674 655)
767 2623 836 2661 corr.
851 2607 997 2663 Reiaesiuc
1015 2627 1069 2664 rec.
1090 2610 1230 2666 Werterm.
1244 2607 1323 2681 Ῥώμη

182 2689 253 2756 culp.
293 2687 333 2743 cf.
353 2685 449 2755 Danb,
474 2687 509 2740 de
530 2686 605 2741 Snid.
625 2705 652 2755 p.
668 2691 728 2741 459.
761 2684 856 2740 Verba
870 2680 949 2749 δς-
965 2686 1088 2758 μεγάλου
1108 2694 1138 2746 et
1155 2690 1206 2745 nod
1220 2722 1253 2731 -
1267 2709 1324 2759 προ-

182 2764 253 2837 τέρῳ
273 2767 434 2835 transposui
454 2770 564 2821 secutus
580 2766 731 2820 Cltntonem
750 2769 779 2820 et
798 2768 950 2821 Mallorum

255 2845 362 2899 CCXIV
382 2848 456 2902 Eud.
476 2866 504 2916 p.
524 2853 589 2915 231,
610 2847 686 2902 cuius
704 2847 792 2900 vitam
811 2847 1000 2915 praetermisit
1017 2849 1156 2905 Wecterm.
1213 2857 1230 2906 6
1248 2870 1324 2921 perp«

184 2920 301 2995 μανικὸς
317 2922 364 2979 tut
377 2927 511 2994 Νέρωνος
525 2928 611 2993 End,
631 2945 701 2995 quae
715 2927 745 2980 in
759 2926 829 2979 haec
844 2927 929 2998 verba
944 2929 1059 2996 desinit,
1078 2922 1114 2998 ἦν
1129 2930 1178 2983 καλ
1192 2931 1256 2988 add
1270 2948 1324 2986 oum

184 3004 305 3070 Reontio,
324 3006 393 3060 Mus.
411 3007 498 3061 Rhen.
514 3007 630 3060 XXXIII
650 3026 676 3076 p.
693 3013 744 3061 166
763 3008 820 3059 not.
850 3001 925 3069 ὅστις
944 3005 1000 3062 ἀπὸ
1021 3009 1156 3078 Νέρωνος
1174 3011 1266 3081 συνῆν
1282 3008 1326 3065 erl

184 3090 243 3144 τοῖς
262 3117 295 3123 --
315 3084 380 3138 libri
400 3081 473 3148 ὅστις
491 3094 550 3148 τοῖς
569 3083 626 3141 ἀπὸ
647 3087 716 3154 Νέρ.
737 3087 825 3154 συνῆν
843 3088 892 3140 καὶ
911 3086 991 3156 μέχρι
1009 3094 1055 3159 Τρ.
1077 3090 1162 3144 Daui)
1254 3097 1270 3145 9
1290 3106 1323 3145 ευ.

184 3165 328 3219 Parthenii
347 3167 480 3234 Pheraei,
504 3168 552 3236 qui
570 3167 691 3221 Homero
714 3167 802 3219 fertur
826 3169 1010 3236 obtrectasse,
1033 3174 1207 3225 memoratus
1231 3172 1325 3226 Athen

184 3244 221 3297 XI
240 3263 267 3312 p.
288 3251 339 3298 467
363 3243 526 3312 Παρθένιος
547 3241 562 3300 ὁ
583 3247 633 3299 τοῦ
657 3248 808 3300 Διονυσίου
867 3244 1052 3318 Χαιρήμωνος
1071 3254 1101 3304 Δ,
1139 3252 1231 3307 Huius
1249 3252 1326 3307 libro·

183 3344 244 3378 rum
264 3327 390 3380 tabulam
409 3325 583 3379 intercidisse
603 3328 711 3379 monuit
730 3326 844 3395 Muller,
864 3326 963 3398 Creogr.
983 3329 1048 3383 min.
1069 3330 1096 3382 II
1113 3348 1142 3400 p.
1162 3331 1229 3385 XVI

255 3405 350 3459 CCXV
378 3406 447 3473 „Hic
467 3408 510 3460 est
528 3404 679 3474 Dionysius
698 3405 745 3459 ille
760 3406 1025 3476 Halicamassensis,
1046 3409 1125 3464 cuius
1143 3410 1265 3467 historia
1276 3410 1328 3466 Rc·

184 3501 267 3538 mana
285 3485 397 3554 aliaque
417 3503 503 3555 opera
521 3486 661 3540 rhetorica
680 3486 761 3540 hodIe
781 3486 872 3539 adhuc
891 3490 1009 3542 extant“
1029 3488 1198 3561 Bernhardy

190 3588 192 3592 ⁴
257 3562 364 3618 CCXVI
384 3566 459 3621 Ειιιί,
474 3584 501 3634 p.
517 3571 582 3633 208,
603 3583 673 3633 quac
694 3581 747 3618 om.
768 3556 849 3628 οῦτος
865 3597 897 3606 -
912 3565 1040 3629 Σκντεῦς
1060 3572 1089 3623 et
1102 3571 1194 3625 ταῦτα
1209 3603 1244 3612 -
1258 3573 1329 3639 Παρ-

186 3641 316 3712 μένοντα.
346 3643 623 3714 cf.Muller11p.c
680 3651 713 3699 14
733 3641 867 3708 ἐποποιός
886 3650 914 3701 et
932 3648 1005 3702 infra
1024 3646 1135 3718 μυθικὰ
1157 3647 1230 3719 πρὸς
1243 3654 1328 3720 Παρμ.

188 3723 289 3776 seclusi
307 3724 429 3779 monitus
448 3742 465 3778 a
484 3726 684 3791 Gatscbrnidi03
704 3726 779 3780 idern
797 3728 884 3780 rerba
903 3730 1026 3782 extrema
1044 3729 1081 3783 ad
1096 3730 1265 3800 Byzantium
1281 3734 1330 3786 ret·

188 3802 255 3855 tulit
317 3809 349 3857 15
369 3805 417 3857 καλ
435 3801 563 3866 Σκυτεῦς
582 3823 635 3860 om.
654 3811 703 3858 ΥΕ
769 3813 799 3860 16
817 3803 1014 3875 Ἀργοναυτιιιύ
1032 3808 1109 3865 Euo.
1123 3827 1179 3865 rec.
1199 3810 1329 3867 Westem.

186 3879 331 3950 στρατιάν,
349 3879 527 3951 Ἀργοναῦται
545 3885 610 3938 libri
630 3886 789 3952 στρατείαν,
814 3883 996 3955 Ἀργοναύτας
1017 3889 1134 3956 Portas,
1157 3888 1283 3960 μυθικοί,
1299 3885 1330 3945 τὰ

185 3959 257 4015 κατὰ
277 3960 328 4030 τήν
348 3960 488 4019 Διονύσου
509 3967 556 4019 καὶ
574 3962 691 4034 Ἀθηνᾶς
711 3969 871 4033 στρατείαν·
892 3967 941 4021 καὶ
960 3963 1142 4037 Ἀργοναῦται
1159 3972 1333 4043 Bernhardy,

185 4061 270 4096 unum
289 4043 419 4111 idemque
439 4062 507 4113 opus
527 4047 642 4100 diversis
665 4046 757 4100 titulis
781 4047 901 4101 describi
922 4048 1084 4103 existimans
1102 4051 1246 4121 verbaque
1266 4049 1331 4118 πρὸς

186 4126 277 4192 Παρμ.
293 4125 416 4178 referens
431 4126 467 4178 ad
482 4125 584 4179 librum
599 4127 663 4193 περὶ
678 4125 793 4195 θρήνων
808 4128 905 4196 (Dion.
920 4130 1014 4200 Bne),
1034 4147 1118 4197 quem
1132 4131 1227 4201 ipsum
1241 4130 1329 4187 Corin·
1370 4152 1373 4157 ·

186 4205 245 4258 thio
265 4205 343 4260 dedit
416 4202 443 4276 β’
466 4206 660 4273 corrigendum
685 4225 745 4261 csse
768 4210 884 4276 propter
906 4210 1019 4278 nuptias
1043 4209 1151 4265 Iasonis
1172 4214 1203 4266 et
1220 4213 1330 4267 Medeae

185 4283 233 4337 lib.
253 4286 278 4338 II
296 4288 424 4339 narratas
462 4287 570 4339 monuit
585 4287 744 4341 Gatsclonid
836 4295 867 4341 17
889 4290 1080 4358 Παρμενίωνα
1099 4290 1171 4345 coni.
1192 4292 1297 4346 Μύλίττ

259 4363 380 4418 CCXVII
395 4366 512 4434 Ecd.·p.
525 4371 584 4421 2⁶28.
601 4367 676 4420 Duos
692 4370 818 4421 auctores
833 4368 963 4423 confusos
978 4385 1037 4423 esse
1052 4371 1148 4424 monet
1162 4370 1329 4438 θνίεολιιιίδς

188 4443 289 4500 minori
302 4442 464 4515 ascripsere
479 4446 529 4501 τοῦ
546 4441 576 4501 ἒν
591 4447 629 4517 τῷ
645 4452 707 4501 Βοσ.
723 4442 767 4504 όν,
783 4448 933 4503 tribuenda
971 4455 1004 4504 18
1020 4447 1146 4522 ἔγραψεν
1159 4448 1328 4522 aserim
