2910 5056
590 313 783 367 APPENDIX.
1194 314 1259 378 245

108 467 355 559 αὐτοκράτορι]
407 472 462 539 καλ
491 469 532 540 οὐ
560 473 667 558 μόνον
696 478 788 560 ἔτυχε
817 478 875 560 τῆς
902 472 1050 561 χάριτος,
1084 471 1125 561 ῆν
1154 475 1259 561 ε’ξῆτει

109 576 192 666 παρ’
219 577 340 664 αὐτοῦ,
368 579 429 666 τῆν
460 585 507 661 είς
529 585 673 665 πατρίδα
697 580 881 667 ἐπάνοδον,
910 576 994 647 άλλά
1016 582 1071 648 καὶ
1095 580 1176 669 πρὸς
1200 584 1259 649 ἕνα

109 687 252 754 ἕκαστον
285 692 399 773 στίχον
432 690 528 771 έλαβε
559 690 704 774 στατῆρα
735 688 794 755 ἕνα
825 690 991 774 χρυσοῦν,
1014 685 1068 776 ζὼς
1101 689 1258 773 γενέσθαι

106 792 277 881 μυριάδας
301 792 372 861 δύο.

653 994 720 1060 IV.

418 1133 629 1202 Aristotelis
653 1136 729 1202 vita
752 1136 957 1218 Menagiana

198 1291 437 1380 Ἀριστοτέλης,
466 1293 539 1374 υίὸς
562 1293 761 1381 Νικομάχου
788 1296 844 1362 καὶ
871 1299 1050 1376 Φαιστίδος
1072 1297 1112 1385 (ὁ
1137 1295 1173 1364 δὲ
1197 1304 1284 1363 Nm

108 1397 258 1486 κόμαχος
281 1396 394 1486 ίατρδς
416 1391 459 1484 ῆν
483 1403 542 1467 τοί
566 1403 635 1466 των
656 1396 907 1486 Ἀσκληπιαδῶν
931 1403 1050 1486 γένους
1073 1399 1138 1483 άπὸ
1157 1410 1259 1470 Νικο-

108 1505 234 1594 μάχου
256 1509 316 1573 τοῦ
352 1505 549 1595 Μαχάονος)
583 1509 618 1574 έκ
646 1512 841 1593 Σταγείρων
874 1507 1001 1588 πόλεως
1032 1513 1091 1595 τῆς
1118 1508 1259 1598 Θράκης,

111 1612 317 1700 φιλόσοφος,
350 1611 503 1701 μαθητὴς
530 1612 729 1698 Πλάτωνος,
761 1612 904 1702 τραυλὸς
935 1614 997 1701 τῆν
1026 1614 1153 1703 φωνῆν.
1204 1616 1260 1683 καὶ

110 1717 282 1805 άδελφούς
305 1717 366 1806 μὲν
391 1724 485 1805 ἔσχεν
506 1715 724 1807 Ἀρίμνηστον
748 1722 803 1787 καλ
823 1718 1060 1809 Ἀριμνήστην,
1090 1724 1260 1808 θυγατέρα

114 1826 155 1893 δὲ
181 1824 245 1894 άπὸ
269 1825 449 1904 Πυθιάδος
475 1829 534 1912 τῆς
560 1826 730 1914 θυγατρὸς
748 1825 903 1914 Ἑρμείου
928 1833 988 1896 τοῦ
1013 1826 1195 1915 εὐνούχου,
1224 1825 1260 1909 ὃς
1275 1859 1300 1896 ιο

109 1933 170 2001 καλ
192 1939 328 2019 θλιβίας
352 1928 400 2000 οδν
424 1929 530 2019 αὐτῆν
554 1937 717 2016 ἔσπειρεν·
744 1935 916 2020 γημαμένη
942 1933 979 2001 δέ
1001 1935 1110 2021 τρισὶν
1135 1931 1155 2018 ῆ
1176 1932 1260 2020 Ἀρι-

105 2044 286 2120 στοτέλους
314 2038 469 2127 θυγάτηρ
496 2037 689 2106 τεκνώσασα
716 2038 994 2126 προετελεύτησεν
1015 2039 1262 2126 Ἀριστοτέλους

104 2149 172 2214 τοῦ
202 2144 334 2233 πατρός.
386 2143 451 2232 εἷχε
485 2144 522 2212 δέ
555 2146 610 2212 καὶ
643 2144 720 2213 υίδν
754 2145 950 2232 Νικόμαχον
985 2147 1017 2227 ἐξ
1040 2145 1260 2233 Ἑρπυλλίδος

105 2258 292 2340 παλλακῆς,
324 2249 368 2340 ῆν
402 2251 481 2339 μετά
510 2251 674 2320 Πυθιάδα
707 2251 784 2340 παρ’
810 2249 966 2340 Ἑρμείου
998 2256 1058 2320 τοῦ
1092 2250 1261 2337 εὐνούχου

105 2357 215 2449 (ὅστις
242 2351 285 2446 ῆν
312 2358 425 2447 άρχων
445 2356 641 2446 Ἀταρνέως,
666 2401 707 2408 -
732 2359 823 2446 χάρα
854 2357 885 2426 δ’
917 2357 999 2445 αὕτη
1028 2357 1185 2446 Τρωάδος
1209 2397 1250 2408 -
1274 2389 1300 2430 ιι

106 2464 290 2552 Εὐβούλου
322 2466 359 2534 δέ
394 2470 454 2533 τοῦ
487 2470 643 2533 Βιθυνοῦ
676 2469 798 2545 δοῦλος
830 2462 990 2553 γεγονώς)
1024 2470 1159 2550 ἔλαβεν,
1197 2464 1252 2531 καλ

106 2572 224 2661 αὐτοῦ1
243 2571 399 2661 Ἑρμείου
431 2570 567 2639 παιδικά
599 2574 785 2659 γενομένου
817 2570 1075 2656 Ἀριστοτέλους.
1126 2563 1203 2658 ῆρξε
1234 2575 1254 2637 δ

107 2685 166 2766 ἔτη
194 2680 240 2766 ιγ’
264 2684 322 2767 τῆς
348 2682 602 2767 περιπατητικῆς
629 2686 809 2766 κληθείσης
837 2685 1039 2765 φιλοσοφίας
1068 2675 1124 2745 διά
1151 2676 1188 2744 τὸ
1212 2680 1256 2769 έν
1336 2693 1342 2705 ·

107 2786 275 2877 περιπάτῳ
303 2774 377 2873 ῆτοι
405 2785 498 2877 κῆπω
523 2785 655 2866 διδάξαι
679 2784 943 2873 ἀναχωρήσαντα
967 2788 1025 2871 τῆς
1046 2782 1257 2870 Ἀκαδημίας,

109 2897 149 2962 έν
171 2885 192 2984 ᾖ
216 2893 359 2962 Πλάτων
388 2895 549 2975 ἐδίδαξεν.
596 2892 763 2980 ἐγεννήθη
793 2891 824 2959 δ’
851 2895 887 2960 έν
915 2896 954 2979 τῆ
990 2891 1048 2972 οθ’
1073 2888 1257 2979 ὀλυμπιάδι
1275 2921 1302 2963 εο

110 3001 167 3069 καλ
190 2999 358 3069 ἀπέθανεν
382 2992 540 3069 άκόνιτον
563 2997 649 3067 πιὼν
668 3002 706 3068 έν
725 3004 876 3085 Χαλκίδι,
902 2997 988 3067 διότι
1008 3001 1154 3067 ἐκαλεῖτο
1174 2996 1257 3085 πρὸς

114 3091 278 3194 εὐθύνας,
307 3106 420 3194 ἐπειδὴ
450 3113 572 3195 ἔγραψε
600 3110 726 3174 παιάνα
750 3111 797 3185 είς
816 3104 971 3193 Ἑρμείαν
994 3104 1057 3173 τὸν
1089 3103 1254 3191 εὐνοῦχον

111 3217 148 3282 οί
168 3216 208 3282 δέ
227 3235 310 3301 φασι
335 3217 426 3305 νόσῳ
450 3212 554 3282 αὐτὸν
582 3217 775 3300 τελευτῆσαι
799 3212 968 3297 βιώσαντα
997 3217 1054 3299 ἔτη
1079 3211 1122 3297 ο’,
1149 3209 1194 3290 ὡς
1222 3212 1261 3278 δέ

111 3349 198 3402 τινες
227 3321 286 3408 ξγ’.
332 3323 521 3409 συνέγραψε
549 3324 661 3406 βιβλία
693 3317 790 3405 έγγύς
821 3318 865 3387 ν’.
911 3318 1062 3405 διάδοχοι
1093 3316 1124 3385 δ’
1152 3315 1258 3385 αὐτοῦ

112 3431 170 3514 τῆς
193 3434 313 3514 σχολῆς
334 3426 415 3495 κατὰ
436 3427 529 3508 τάξιν
549 3429 705 3514 έγένοντο
726 3428 810 3493 οἵδε·
833 3424 1058 3513 Θεόφραστος,
1083 3425 1257 3511 Στράτων,
1273 3456 1300 3495 ετ

185 3668 198 3715 1
219 3660 280 3716 cod.
299 3651 336 3728 ῆν
408 3667 425 3713 4
444 3655 622 3729 νομισμάτων
641 3654 782 3727 μυριάδας
800 3654 828 3728 β’
849 3656 953 3711 Suidas

183 3740 223 3795 IV
259 3745 356 3794 5-23
377 3735 560 3809 Ἀριστοτέλης
583 3760 616 3778 -⁴
642 3735 691 3805 ἔτη
714 3734 752 3805 ο’,
776 3736 793 3791 i.
813 3754 836 3793 e.
861 3735 948 3791 vitam
971 3736 1192 3806 Hesychianam,
1216 3737 1263 3792 (1ο-

113 3819 227 3889 scn'psit
244 3819 349 3875 δυίάοε
368 3838 388 3875 s,
409 3837 433 3874 v.
452 3813 635 3887 Ἀριστοτέλης
693 3824 709 3872 5
729 3813 900 3879 Φαιστιάδος
917 3818 989 3887 υιιίγ.
1008 3818 1113 3873 Suidas
1177 3824 1191 3872 7
1211 3837 1262 3886 μα-

114 3901 223 3969 χαῶνος
242 3900 346 3956 Suidae
363 3905 384 3952 B
403 3900 433 3954 et
450 3918 491 3969 pr.
510 3919 545 3954 m.
565 3906 601 3968 E,
620 3893 770 3970 μαχάωνος
789 3903 816 3949 Μ
888 3904 903 3951 9
923 3895 975 3968 μέν
994 3915 1047 3952 om,
1068 3899 1172 3963 δαλίον
1189 3901 1236 3948 ΒΕ

116 3987 147 4034 10
173 3976 271 4050 ἕρμίου
295 3978 342 4033 hic
365 3982 394 4034 et
417 3977 491 4033 infra
514 3979 660 4034 SuidaeA
746 3973 778 4039 ὅς
800 3996 832 4045 γε
857 3976 927 4031 coni.
952 3977 1067 4045 Jacobs,
1091 3977 1205 4030 Anthol.
1224 3976 1263 4030 VI

115 4080 142 4130 p.
159 4067 211 4115 366
286 4067 317 4113 11
337 4061 452 4131 θλιβίας
470 4059 557 4114 etiam
578 4061 668 4115 Ροίκι.
687 4059 810 4119 θλαδίας
829 4056 933 4111 βκίάαε
998 4053 1092 4123 έπειρε
1112 4056 1218 4110 θιιίιλαο
1231 4060 1264 4124 Δ,

115 4138 200 4210 ἔπηρε
220 4145 282 4210 ΒΕ,
303 4156 356 4195 om.
371 4145 394 4192 V
471 4138 635 4211 γαμουμένη
655 4139 760 4194 Suidae
778 4142 805 4188 Μ
825 4153 878 4190 om.
897 4141 945 4188 BE
1023 4141 1056 4189 13
1076 4131 1138 4204 ἔσχε
1158 4136 1263 4190 ιδύίιίαε

116 4215 264 4288 ἕρπάλιδος
283 4219 388 4274 Suidae
401 4224 449 4272 BE
523 4226 556 4274 14
574 4216 695 4290 ἠγάγετο
714 4218 780 4287 posi]
797 4209 833 4285 ἣν
853 4215 917 4272 αδδ.
932 4216 1037 4270 δκίιλαε
1111 4219 1142 4268 16
1162 4210 1263 4283 άσταρ-

115 4299 186 4362 νέως
202 4301 294 4355 Ραίκι.
351 4305 383 4353 16
403 4297 531 4372 έ[λα]βεν
547 4302 575 4354 et
593 4304 627 4353 λα
646 4300 675 4353 in
694 4299 746 4353 lae.
763 4297 853 4352 Ραίκι.
911 4303 942 4350 17
963 4295 1098 4349 παιδικοῦ
1119 4295 1264 4350 SuidaeA

112 4382 264 4436 π.,.δικ
280 4421 286 4434 .
304 4421 332 4433 ..
354 4379 443 4434 Ραίηι.
507 4372 591 4448 ἦρξεν
612 4381 702 4434 Ροίκι.
784 4383 819 4432 20
837 4371 890 4445 ηδ’
912 4375 1005 4430 Ραίικ,
1084 4380 1118 4429 22
1139 4371 1263 4444 ἔγραψεν

115 4461 210 4518 Ροίνι.
285 4465 319 4513 23
339 4478 426 4528 φασιν
447 4459 537 4514 Ροίκι.
