2910 5056
630 294 845 371 uusxcuius'.
1264 318 1307 384 39

157 473 279 560 τέχνην
303 473 456 562 ἰατρικήν
484 476 564 565 (ἔχει
593 475 630 543 δὲ
659 473 765 556 ἰάσεις
792 475 935 562 φυσικάς
963 474 1029 546 άκό
1053 496 1156 547 τινων
1180 484 1308 568 βοηθη-

157 579 273 667 μάτων
296 586 355 668 τῆς
377 582 532 671 φύσεως).

247 689 358 756 CLVI.
395 694 527 770 Βοῖλος
555 690 751 778 Μενδήσιος
778 691 1023 779 Πυθαγόρειος.
1072 693 1148 780 περὶ
1175 697 1244 762 τοῖν
1271 696 1307 762 ἐκ

155 798 213 882 τῆς
236 791 458 881 ἀναγνώσεως
479 802 548 866 τοῖν
572 801 729 886 ἱστοριῶν
760 803 807 878 είς
831 799 1001 866 ἐπίστασιν
1033 795 1119 886 ἡμᾶς
1141 796 1305 886 άγόντων,

156 902 231 990 περὶ
255 910 471 992 θαυμασίων,
495 904 620 992 φυσικά
641 904 813 993 δυναμερά
832 905 912 994 (ἔχει
936 904 974 972 δὲ
992 905 1068 993 περὶ
1086 909 1332 992 συμπαθειοῖνῡ

155 1009 211 1076 καὶ
231 1009 484 1100 άντικαθειῶν),
504 1012 621 1099 <τιερὶ>
640 1018 750 1080 λίθων
768 1011 852 1080 κατά
873 1026 1049 1099 στοιχεῖον,
1068 1013 1143 1100 περὶ
1158 1017 1305 1100 σημείων

157 1121 226 1185 τῶν
249 1120 282 1200 ἐξ
304 1115 404 1204 ἡλίου
425 1118 481 1185 καὶ
506 1117 648 1204 σελήνης
669 1119 725 1186 καὶ
744 1117 868 1205 άρκτου
891 1122 946 1186 καί
970 1117 1097 1205 λύχνου
1116 1120 1171 1187 καὶ
1191 1124 1305 1208 ίριδος.

246 1224 372 1293 CLVII.
410 1223 582 1304 Γαλάνός
602 1222 754 1312 Ἀράβιος
778 1227 954 1312 σοφιστής,
984 1225 1137 1313 μαθητὴς
1165 1225 1305 1309 ’Λιβάνου

155 1334 217 1398 τοῦ
241 1331 431 1418 Γαδαρέως·
454 1323 497 1418 ἦν
521 1331 559 1399 δὲ
582 1333 639 1400 ε’κί
654 1357 688 1400 τε
707 1333 902 1419 Μαξιμίνον
924 1335 979 1400 καὶ
997 1337 1199 1421 Γορδιανοῦ.
1233 1336 1305 1403 ἐσο-

156 1440 335 1523 φίστευσεν
360 1440 396 1506 ἐν
419 1443 569 1532 Βηρυτῷ.
599 1437 673 1525 περὶ
698 1438 884 1519 συντάξεως
907 1445 1020 1526 βιβλία
1044 1440 1080 1527 ε’,
1104 1441 1224 1527 τέχνην
1247 1443 1304 1528 ῥη-
1321 1461 1345 1499 1⁰

155 1543 310 1633 τορικην,
334 1545 478 1632 μελέτας.
791 1547 794 1552 ’
1000 1578 1002 1583 ·

247 1653 392 1721 CLVIII.
429 1653 548 1733 Γάλος
567 1650 737 1734 Ἰούλιος
760 1661 913 1743 Καίσαρ
943 1652 1115 1742 ὁκράτος
1141 1654 1306 1743 μοναρχή·

155 1779 225 1839 σας.
263 1751 361 1839 οὗτος
384 1764 507 1846 ἔγραψε
526 1761 734 1848 μετάφρασιν
753 1765 821 1829 τῶν
842 1757 982 1847 Ἀράτον
1001 1763 1226 1849 φαινομένων,
1250 1762 1306 1829 καὶ

151 1866 275 1954 τέχνην
298 1864 527 1955 γραμματικὴν
552 1869 740 1955 ῥωμαλκῶς,
763 1868 818 1935 καὶ
842 1869 916 1956 περὶ
938 1872 1000 1936 τοῦ
1024 1872 1115 1936 ίδίου
1137 1875 1225 1955 βίου.

245 1973 356 2042 CLIX.
394 1971 448 2041 Γά
454 1987 514 2053 λος
531 1981 566 2041 Κ
570 1986 704 2061 αἴσαρ,
724 1971 761 2054 δς
779 1973 946 2063 ἐπεκλήθη
962 1974 1181 2063 Καλλιγόλας.
1209 1977 1303 2064 ῥητο-
1322 1993 1346 2032 ¹5

153 2078 255 2167 ρικὴν
279 2082 462 2167 βωμαλκῶς.

244 2188 338 2257 CLX.
383 2188 561 2274 Γαληνὸς
591 2185 608 2256 ὁ
641 2186 884 2275 διασημότατος
915 2188 1043 2275 ἰατρός,
1074 2189 1306 2277 Περγαμηνός,

151 2292 302 2381 γεγονὼς
325 2295 378 2363 ἐπὶ
401 2294 548 2383 Μάρκου
571 2295 625 2362 καλ
645 2294 808 2382 Κομόδου
829 2296 886 2364 καὶ
908 2301 1117 2383 Περτίνακος
1139 2300 1207 2363 τῶν
1225 2303 1306 2363 Και-

152 2400 272 2489 σάρων
295 2404 332 2470 ἐν
351 2398 475 2489 Ῥώμη,
498 2400 573 2482 υίός
597 2406 754 2480 Νίκωνος
776 2404 965 2489 γεωμέτρου
988 2403 1043 2469 καὶ
1066 2398 1306 2489 ἀρχιτέκτονος,

148 2507 260 2576 πολλά
286 2508 493 2595 συντεταγως
516 2507 646 2595 ίατρικά
670 2508 782 2575 τεκαὶ
806 2509 993 2594 φιλάσοφα,
1022 2513 1069 2576 ἔτι
1096 2534 1130 2574 τε
1153 2535 1301 2595 γραμμα-
1317 2527 1343 2566 20

149 2613 226 2684 τικδι
250 2615 306 2682 καὶ
330 2614 503 2702 ῥητορικά,
532 2612 629 2682 άτινα
654 2612 710 2681 διά
734 2613 772 2682 τὸ
796 2619 898 2682 κάσιν
923 2613 1023 2693 εἶναι,
1032 2613 1185 2702 γνώριμα
1208 2642 1304 2683 κατα-

152 2722 267 2808 λέγειν
291 2719 432 2808 άκαιρον
456 2718 633 2807 ἡγησάμην
656 2722 693 2788 ἐν
716 2724 761 2812 τῷ
785 2719 936 2807 παρόντι.
982 2722 1060 2806 ἐβίω
1084 2725 1139 2808 ἔτη
1164 2722 1202 2791 0'.

243 2829 353 2896 CLXI.
390 2830 607 2906 Γενέθλιος
627 2831 823 2914 Γενεθλίου,
849 2835 1074 2907 Παλαιστῖνος
1095 2830 1130 2896 ἐκ
1148 2835 1300 2916 Πετρῶν,

150 2934 328 3024 σοφιστής,
353 2934 508 3022 μαθητὴς
530 2938 768 3002 Μινουκιανοῦ
791 2934 847 3001 καὶ
868 2931 1069 3022 Ἀγακητοῦ,
1093 2933 1303 3005 άντιιιαιδεύ-

150 3099 221 3169 post
238 3095 418 3151 Holsienium
436 3095 615 3164 Bernhardy3
636 3094 753 3148 fortasse
772 3093 826 3164 leg.
847 3089 862 3148 ὃ
882 3098 931 3148 καὶ
951 3090 1127 3165 Δημόκριτος
1206 3103 1219 3150 1
1240 3115 1303 3150 σον-

152 3176 262 3247 viduus
282 3173 384 3247 τέχνην
404 3174 553 3248 ῥητορικήν
574 3193 627 3231 om.
647 3171 773 3244 ἱστορίαν
791 3175 840 3228 κοιλ
859 3175 935 3230 Eud.

224 3256 310 3313 CLVI
328 3258 404 3313 Eud.
423 3276 449 3327 p.
471 3263 520 3312 161
591 3263 606 3310 ³
628 3253 734 3324 ἔγραψε
755 3256 818 3309 add.
839 3256 914 3310 Eud.
935 3253 1000 3323 περὶ
1019 3256 1074 3309 τῶν
1093 3257 1144 3325 τῆς
1162 3252 1226 3327 άγα.
1248 3275 1303 3312 om.

149 3335 186 3394 ἐκ
202 3336 280 3392 Eud.
335 3332 536 3407 λάγαγάντων
554 3338 627 3405 vulp.
642 3335 717 3388 Eud.
738 3330 866 3410 άγόντων
885 3340 935 3387 Av
990 3341 1006 3389 ὅ
1025 3337 1124 3405 διμερῆ
1144 3354 1195 3405 pro
1215 3339 1302 3391 δυνα-

147 3414 224 3490 μερά
240 3417 312 3473 coni.
327 3417 480 3484 Reinesius,
494 3434 566 3486 susp.
577 3416 773 3487 Βινκλιανάγο,
789 3413 828 3469 ἔτι
843 3432 893 3484 pro
910 3412 967 3484 ἔχει
982 3415 1052 3469 coni.
1066 3416 1212 3485 Kusierus,
1227 3417 1301 3472 idem

145 3499 217 3569 περὶ
240 3501 307 3554 ante
329 3501 419 3553 λίθων
438 3499 540 3552 addere
564 3495 677 3563 maluit,
703 3495 777 3563 quod
800 3496 949 3564 probatum
973 3496 1091 3550 Mullero
1116 3513 1168 3566 ego
1192 3515 1303 3568 quoque

146 3578 288 3650 praetuli3
308 3579 374 3647 posi
386 3580 476 3632 λίθων
491 3578 627 3632 librorum
640 3591 787 3629 numerum
802 3576 937 3631 excidisse
953 3577 1035 3646 puisi
1049 3576 1209 3633 θνλειλιιιιίά

192 3680 195 3685 ’
224 3657 325 3713 CLVII
344 3658 418 3713 Eud.
433 3677 460 3728 p.
478 3664 536 3712 171.
566 3650 769 3725 Οἰ.κ.Ἀψίνης
842 3653 969 3726 8βήτωρ
988 3657 1037 3710 καί
1057 3655 1283 3727 σοφιστάςΕκά.

147 3748 167 3797 9
188 3741 353 3810 Μαξιμίνου
373 3757 441 3795 corr.
457 3740 593 3794 Κυολινκε
607 3738 741 3807 Μαξίμου
758 3738 830 3806 vulp.
845 3738 919 3792 Eud.
981 3732 1180 3805 ε’σοφίοτενσεν
1200 3736 1231 3793 ἐν
1251 3746 1302 3809 Βη-

148 3822 241 3895 ρυτῷ,
267 3837 338 3888 quse
356 3820 443 3876 verba
460 3819 489 3874 in
514 3820 567 3873 fine
586 3818 661 3873 vitae
683 3817 790 3872 tradita
808 3819 885 3886 suut,
909 3819 962 3872 hus
986 3817 1157 3887 transposui,
1182 3821 1214 3873 ut
1236 3820 1303 3874 ordo

148 3903 254 3958 solitus
272 3903 404 3956 servetur.
442 3899 482 3954 cf.
502 3915 573 3968 quse
593 3897 650 3952 dixi
669 3916 694 3952 v.
712 3892 864 3966 Ἀνακρέων

227 3981 338 4037 CLVIII
357 3981 555 4036 omWesierm.
574 3978 616 4033 De
627 3978 791 4033 Caesaribus
805 3978 947 4047 disputavi
956 3977 1026 4032 Mus.
1034 3978 1121 4032 Rhen.
1129 3977 1245 4032 XXXVI
1255 3979 1301 4033 l.c.

226 4060 313 4116 CLIX
330 4078 384 4116 om.
400 4060 537 4114 Westerm.
690 4064 712 4133 ’ᾖ

225 4140 297 4197 CLX
321 4139 362 4196 Gi.
384 4157 456 4208 quae
481 4140 539 4194 dixi
555 4138 626 4194 Mus.
645 4138 732 4193 Rhen.
753 4138 855 4193 XXXV
878 4157 906 4208 p.
926 4145 993 4205 2083
1019 4138 1109 4204 Diels,
1130 4139 1250 4206 Doxsgr.
1274 4157 1301 4208 p.
1330 4142 1333 4148 '

147 4231 295 4292 233seq.-
333 4229 368 4278 20
387 4222 435 4276 καὶ
453 4217 541 4275 πολλοὶ
560 4225 582 4271 V
601 4237 665 4275 mox
679 4239 707 4274 τε
724 4226 814 4274 omli
878 4224 911 4272 21
930 4213 1302 4286 duva-uapo‘vuoms

146 4305 275 4374 ideoque
294 4301 504 4371 suspectis-simu
522 4304 588 4354 suut

224 4382 310 4439 CLXI
329 4382 405 4436 Eud.
424 4400 450 4451 p.
472 4387 531 4435 171.
567 4381 661 4435 Pauca
680 4379 827 4449 exscripsit
844 4378 1085 4445 Pseudo-Hesysh.
1106 4394 1128 4431 ο.
1150 4381 1183 4430 15
1303 4423 1304 4426 ,

148 4470 187 4520 23
210 4464 370 4518 Γενεθλίου
388 4478 442 4517 οω.
462 4462 538 4517 Eud.
1202 4483 1208 4491 ¹
