2880 5054
619 283 834 346 HESYCHIUS.
1251 285 1294 355 33

143 451 214 520 έστι
226 455 404 537 Βιθυνίας,
419 447 440 538 ἡ
455 454 521 519 νῦν
532 448 691 538 Ἀπάμεια
709 451 924 541 καλουμένη),
939 451 977 520 τὸ
997 450 1033 520 δὲ
1048 450 1184 521 άνωδεν
1198 454 1296 538 γένος

143 551 190 646 ἦν
214 561 373 644 Νικαεύς,
403 561 642 647 γραμματικός,
665 558 817 647 μαθητής
837 558 1072 628 Ἀπολλωνίου.
1114 563 1234 646 γέγονε
1259 560 1295 628 δὲ

142 666 198 733 ἐπὶ
226 671 287 734 τού
307 663 465 735 Ἀττάλου
492 667 546 734 καί
570 665 746 761 Εὐμενοῦς
772 670 839 734 τῶν
868 669 905 734 έν
928 669 1095 757 Περγάμῳ
1121 669 1295 752 βασιλέων.

123 777 270 858 ’ἔγραψε
294 775 492 860 φιλοσόφων
516 778 655 860 βιβλίων
680 773 893 859 διορθωτικά.

233 881 409 948 ἐπαίδευσε
433 880 471 948 δὲ
493 880 548 947 καὶ
572 884 619 958 είς
635 877 766 966 Ῥώμην
785 880 837 947 έπλ
857 885 1039 968 Πομπηίου
1057 886 1118 948 τοῦ
1138 880 1323 968 μεγάλου,5

148 987 206 1054 καί
234 988 271 1054 έν
292 983 522 1076 Ἀλεξανδρείᾳ
549 987 601 1054 ἐπὶ
629 989 690 1053 τού
718 985 752 1052 δ’
776 993 989 1073 Πτολεμαίου
1016 989 1093 1068 νεός
1119 989 1296 1075 διέτριψεν.

145 1099 272 1183 ἔγραψε
294 1093 410 1162 πολλά.

236 1201 385 1269 CXXVb.
411 1197 606 1268 Ἀσπασία.
630 1199 714 1288 αὕτη
729 1197 891 1288 Ἀξιόχου,
909 1207 1072 1287 Μιλησία,
1089 1200 1175 1288 γυνή
1194 1210 1297 1290 Περι-

143 1309 274 1393 κλέους,
296 1306 385 1393 παρὰ
405 1306 577 1395 Σωκράτει
596 1315 898 1394 πεφιλοσοφηκυῑα,
921 1305 966 1387 ὡς
990 1308 1168 1396 Διόδωρος
1191 1311 1227 1376 έν
1250 1312 1296 1399 τῷ

143 1413 221 1501 περὶ
244 1413 401 1501 Μιλήτου
427 1412 664 1501 συγγράμματί
688 1433 800 1499 φησιν.
848 1415 1031 1500 ἐπεγήματο
1060 1414 1098 1482 δὲ
1125 1415 1205 1502 μετὰ
1233 1414 1294 1484 τὸν
1311 1439 1337 1476 ¹⁰

143 1524 351 1609 Περικλέους
382 1519 535 1588 θάνατον
569 1527 730 1588 Λυσικλεῖ
758 1524 803 1611 τῷ
836 1521 1137 1614 προβατοκαπήλῳ,
1174 1523 1230 1589 καὶ
1263 1525 1296 1604 ἐξ

144 1627 253 1697 αύτοῦ
272 1633 368 1715 έσχεν
386 1626 464 1695 υίὸν
483 1625 622 1714 ὀνόματι
637 1625 821 1714 Ποριστήν,
839 1627 894 1694 καὶ
915 1626 974 1695 τὸν
989 1630 1158 1696 Λυσικλέα
1172 1627 1297 1716 ῥήτορα

147 1734 346 1804 δεινότατον
367 1733 640 1819 κατεσκευάσατο,
661 1733 814 1819 καθάπερ
834 1735 888 1801 καὶ
907 1737 1073 1823 Περικλέα
1093 1740 1296 1822 δημηγορεῖν

144 1842 407 1929 παρεσκεύασεν,
426 1839 471 1922 ὡς
491 1846 654 1929 Αἰσχίνης
674 1839 692 1909 ὁ
713 1839 926 1928 Σωκρατικὸς
944 1844 981 1909 ἐν
1001 1842 1146 1933 διαλόγῳ
1166 1849 1297 1932 Καλλίᾳ

141 1951 201 2017 καὶ
224 1948 371 2017 Πλάτων
395 1945 519 2036 ὁμοίως
542 1948 717 2035 Πεδήταις.
755 1955 922 2034 Κρατῖνος
942 1948 979 2015 δὲ
997 1949 1168 2035 τύραννον
1187 1947 1294 2035 αύτήν
1311 1971 1336 2010 ιο

142 2063 241 2123 καλεί
261 2061 439 2142 Χείρωσιν,
465 2053 636 2142 Ὀμφάλην
666 2052 814 2134 Εύπολις
839 2060 963 2134 Φίλοις.
1001 2056 1037 2122 έν
1061 2055 1099 2122 δὲ
1119 2063 1297 2139 Προσπαλ-

142 2168 230 2242 τίοις
247 2159 386 2249 Ἑλένην
415 2160 521 2248 αὐτὴν
554 2169 660 2229 καλεῖ·
688 2153 707 2228 δ
732 2160 770 2228 δὲ
794 2167 962 2247 Κρατῖνος
991 2162 1047 2228 καί
1066 2158 1189 2250 Ἥραν,
1218 2170 1298 2241 ίσως

144 2267 199 2337 ὅτι
222 2269 278 2336 καὶ
296 2273 463 2356 Περικλῆς
478 2266 653 2356 Ὀλύμπιος
674 2267 953 2356 προσηγορεύετο.
992 2274 1066 2356 ἔσχε
1089 2269 1127 2337 δὲ
1145 2271 1178 2350 ἐξ
1197 2267 1300 2355 αὐτῆς

143 2374 161 2444 ὁ
193 2380 361 2463 Περικλῆς
389 2374 500 2443 νόθον
527 2373 623 2459 νίόν,
651 2372 704 2462 ἐφ’
737 2367 763 2467 ᾦ
793 2376 849 2443 καλ
877 2374 1028 2444 ἐτελεύτα
1057 2381 1125 2443 τῶν
1149 2382 1298 2463 γνησίων

143 2483 471 2571 προαποθανόντων,
494 2480 539 2563 ὡς
561 2481 710 2562 Εὔπολις
731 2483 871 2570 Δήμοις.
1312 2506 1338 2544 ιο

236 2591 380 2659 CXXVI.
404 2587 611 2670 Ἀσπάσιος
629 2589 775 2675 Βύβλιος
793 2590 970 2677 σοφιστής,
992 2594 1191 2677 συγχρονεῖν
1212 2588 1297 2677 Ἀρι-

143 2702 260 2787 στείδη
279 2697 335 2765 καὶ
351 2695 523 2788 Ἀδριανῷ.
547 2702 670 2786 ἔγραψε
683 2697 759 2783 περὶ
773 2696 921 2783 Βύβλου,
940 2698 1016 2785 περὶ
1035 2696 1184 2765 στάσεων
1204 2698 1296 2783 ἐσχη-

144 2807 375 2892 ματισμένων,
399 2805 544 2891 μελέτας,
567 2805 693 2891 τέχνας,
716 2802 956 2891 ύπομνήματα,
979 2803 1109 2888 λαλιάς,
1133 2802 1297 2890 έγκύμιον
1342 2846 1345 2851 ·

143 2916 195 2992 είς
215 2910 394 2998 Ἀδριανὸν
417 2909 634 2997 τὸνβασιλέα
656 2912 712 2978 καὶ
736 2915 783 2990 είς
805 2909 929 2990 άλλους
945 2910 1049 2990 τινάς.

236 3018 398 3085 CXXVII.
431 3014 638 3097 Ἀσπάσιος
661 3021 902 3104 Αημητριανοῦ
925 3021 986 3087 τού
1009 3022 1158 3105 κριτικού
1178 3016 1293 3103 <υίὸς>
1310 3039 1334 3078 25

146 3125 209 3205 καὶ,
229 3123 391 3212 μαθητής,
410 3121 624 3210 Ῥαβενναῖος
644 3124 820 3211 σοφιστής,
843 3124 990 3212 γεγονὼς
1009 3125 1061 3193 ἐπὶ
1077 3121 1298 3210 Ἀλεξάνδρου

144 3236 210 3301 τού
227 3237 396 3319 Μαμαίας.
431 3229 515 3318 πρὸς
538 3229 615 3310 τοὺς
638 3231 899 3319 φιλολοιδόρους
922 3233 976 3299 καὶ
1000 3231 1084 3316 πρὸς
1104 3230 1297 3315 Ἀρίστωνα.

143 3339 271 3425 λόγους
288 3337 483 3427 διαφόρους.
509 3335 699 3426 ήκροάσατο
718 3338 757 3405 δὲ
776 3345 976 3407 Παυσανίου
994 3336 1297 3425 καλἹπποδρόμου,

144 3446 204 3515 καλ
227 3447 462 3533 έσοφίστενσεν
486 3446 522 3513 έν
541 3442 661 3534 Ῥώμη,
684 3446 869 3533 διαπρέψας
888 3448 983 3535 μέχρι
1006 3450 1141 3514 πολλοῦ.

147 3645 238 3714 μαίον
257 3644 287 3712 (†
306 3645 369 3712 204)
387 3640 452 3706 νέος
470 3645 629 3711 διατρίψας.
663 3639 770 3711 ἔγραψε
790 3640 955 3712 φιλοσόφων
979 3644 1093 3714 βιβλίων
1116 3636 1298 3709 διορθωτικά.

149 3717 364 3785 ΙΒυθννίοιςΑ
412 3721 495 3792 γένος
509 3728 596 3777 om.V
645 3719 727 3776 3έπί
738 3742 767 3777 τε
778 3723 940 3778 θαλεολκιίδ
992 3719 1049 3791 6η’
1059 3723 1104 3778 vel
1114 3718 1145 3777 δ’
1156 3722 1300 3776 Ιλιίαιείιιε
1375 3728 1380 3739 ’

220 3802 341 3858 cxva
362 3805 453 3858 potam
475 3805 565 3858 vitam
586 3805 690 3859 inserui
712 3822 747 3859 ex
769 3803 854 3858 schol.
879 3804 987 3857 Platon.
1012 3802 1050 3857 IV
1077 3822 1105 3873 p.
1125 3809 1176 3857 329
1197 3803 1299 3870 Herm„

147 3901 322 3956 quamquam
339 3883 426 3938 talem
444 3885 481 3938 ab
498 3883 638 3953 Hesychio
657 3900 713 3938 non
731 3885 887 3953 profectam
906 3900 966 3937 esse
983 3884 1069 3952 patet!
1095 3883 1134 3938 cf.
1151 3883 1299 3947 Mettmoer,

148 3967 184 4021 de
208 3967 280 4022 font.
302 3983 330 4034 p.
349 3970 392 4021 60.
428 3963 566 4019 Videntur
588 3964 674 4020 verba
701 3958 774 4033 αὕτη
798 3995 830 4003 -
855 3958 1011 4033 Ποριττήν,
1035 3961 1097 4033 ἔσχε
1122 3961 1154 4017 δὲ
1176 3993 1210 4004 -
1234 3961 1298 4016 0in.

148 4045 286 4116 Hesychii
304 4061 370 4100 εεεο.
407 4045 560 4114 Descripsit
578 4045 677 4101 Suidas
696 4045 844 4100 articulum
863 4045 1028 4113 Harpocran
1047 4063 1073 4098 v.
1090 4040 1220 4097 Ἀσπασία

221 4125 336 4181 CXXVI
352 4125 428 4182 Fami.
447 4144 475 4195 p.
496 4131 554 4179 114.
592 4126 632 4180 Cf.
650 4125 753 4180 Mfiller
771 4124 809 4177 ΙΙΙ
828 4143 854 4194 p.
873 4130 939 4193 576,
964 4125 1013 4193 qui
1032 4123 1163 4193 Byblium
1182 4139 1237 4177 non
1256 4121 1298 4176 di-

149 4225 264 4263 versum
282 4223 301 4260 a
319 4205 404 4276 Tyrio
421 4208 505 4276 putat
575 4213 607 4260 21
628 4204 782 4277 ούγχρονος
798 4201 847 4274 Ἀρ.
867 4206 943 4260 Eud.

222 4285 351 4344 CXXVII
369 4286 446 4342 Eud.
464 4305 491 4357 p.
511 4293 563 4342 113
634 4294 669 4342 25
687 4289 753 4357 post
770 4287 897 4355 κριτικού
917 4285 980 4340 add.
999 4285 1075 4338 Eud.
1095 4282 1298 4353 μαθηματικοῦ

149 4368 200 4424 καλ
217 4359 252 4424 εὖ
269 4360 474 4438 χιχνύσιιοντος
490 4363 558 4430 τούς
574 4363 740 4437 βητοριιιούς
758 4367 814 4421 τῶν
833 4363 936 4435 λόγων,
955 4361 1018 4427 νίίς
1036 4365 1085 4418 καὶ
1104 4368 1173 4434 μοδ.
1194 4355 1239 4433 (εύ
1258 4384 1297 4432 γι·

144 4446 312 4513 -νόωιοκις
327 4443 396 4513 τούς
411 4444 555 4517 munic
574 4449 631 4504 τῶν
648 4445 740 4518 λόγων
761 4449 850 4504 habet
866 4446 1028 4503 Philostrat.
1047 4444 1104 4500 vit.
1124 4445 1162 4514 ΙΙ,
1181 4448 1227 4514 32)
1251 4444 1300 4499 καλ

203 4549 501 4605 maxum-,am
1070 4530 1097 4598 κ’
