2910 5056
128 240 216 295 XlllV
556 235 839 291 rnonnuonnn'n.

127 427 206 488 pore
234 405 363 486 desunt,
392 402 446 486 qui
474 400 513 464 dc
543 400 707 484 Hesychio
736 399 910 482 ineptiant,
939 398 1026 462 velut
1048 397 1208 485 Mouss¹),
1236 399 1277 463 de

128 511 192 577 Sib.
211 535 241 595 p.
261 510 304 576 54
332 511 366 574 et
390 507 501 592 Biogr.
523 530 553 591 p.
573 507 629 591 81,
658 507 733 588 119,
760 507 823 570 120
851 507 890 570 al.
936 505 1040 572 Nemo
1074 492 1149 570 sane
1178 505 1276 571 bodie

128 623 192 702 est,
229 617 307 702 quin
344 615 535 700 primarium
568 613 685 678 Suidae
723 614 756 676 in
788 613 863 678 vitis
898 612 1117 678 describendis
1150 613 1277 678 fontem

128 723 283 808 Hesychii
302 722 421 787 Milesii
441 719 715 805 Onomatologum
740 721 790 784 vel
815 721 882 784 eius
902 719 1065 804 epitomen
1084 719 1185 784 fuisse
1204 743 1277 805 per-

129 854 259 896 suasum
287 830 419 913 habeat,
446 851 505 894 nec
533 829 704 914 qnisquam
733 850 787 899 eas
817 828 899 892 vitas
923 827 1077 891 facillime
1102 848 1135 891 se
1159 849 1179 890 a
1202 827 1277 891 reli·

101 958 104 962 ⁴
128 941 200 1024 quis
223 938 317 1002 lexici
345 936 489 1002 articulis
517 936 684 1020 seiungere
707 958 803 1020 posse
826 935 969 1021 negabit.
1012 934 1166 1022 Attamen
1192 933 1277 998 diffi-

129 1046 222 1111 cilius
246 1045 331 1129 illud¹
348 1065 417 1109 esse
441 1042 502 1107 hac
522 1027 667 1108 'editione
690 1042 857 1126 probatur.

44 1155 105 1234 §4
216 1150 240 1216 Ι.
278 1148 413 1216 Saeculo
443 1150 626 1233 undecimo,
655 1152 783 1213 centum
812 1149 950 1213 fortasse
978 1171 1081 1215 annos
1105 1155 1181 1233 post
1207 1149 1277 1215 Sui-

128 1260 186 1325 dae
206 1262 361 1337 aetatem,
386 1280 411 1322 c.
426 1280 454 1322 a.
475 1257 560 1322 1070
580 1256 692 1320 cadem
717 1255 858 1345 epitome
878 1278 935 1320 usa
956 1260 1006 1319 est
1024 1255 1197 1321 Eudocia
1219 1257 1279 1320 im·

127 1366 284 1453 peratn‘x,
312 1363 520 1430 Constantini
545 1362 655 1427 Ducae
685 1384 778 1444 uxor,
807 1362 897 1427 cuius
928 1361 1108 1427 Violarium
1133 1357 1279 1450 (Ἰωνιά)

129 1476 218 1537 extet
241 1473 275 1536 in
298 1471 370 1535 Par.
390 1470 475 1535 3057
502 1491 582 1534 saec.
604 1468 682 1534 XVI
703 1470 745 1534 in.
771 1473 804 1534 et
830 1469 864 1533 in
887 1469 1076 1554 apographo
1101 1470 1211 1556 Suppl.
1235 1474 1280 1536 42

130 1602 211 1644 saec.
235 1576 329 1643 XVII
363 1573 417 1662 (cf.
441 1575 572 1641 Unters.
596 1600 625 1660 p.
649 1576 693 1662 3).
742 1580 847 1661 ‘tque
884 1576 964 1642 haec
1001 1578 1163 1662 quaestio,
1199 1600 1281 1643 num

128 1686 274 1751 Eudocia
302 1706 379 1749 vera
406 1683 565 1767 Hesychii
594 1683 734 1767 epitome
763 1704 822 1747 usa
849 1683 948 1748 fuerit
981 1707 1022 1748 an
1050 1685 1159 1768 potius
1188 1709 1281 1769 prae-

131 1795 289 1860 stantiore
318 1792 368 1856 vel
398 1790 546 1855 uberiore
571 1787 688 1854 Suidae
716 1790 803 1854 libro
826 1791 934 1857 nescio
959 1814 1000 1855 an
1025 1792 1169 1856 onmium
1196 1791 1281 1856 diffi-

130 1900 252 1966 cillima
285 1899 343 1982 sit,
373 1919 568 1984 quamquam
602 1897 642 1962 ad
673 1898 780 1981 ipsum
809 1898 946 1961 vitarum
979 1902 1104 1962 textum
1137 1900 1207 1964 ie.
1240 1900 1282 1964 ad

129 2007 292 2072 Eudociac
320 2004 549 2070 auctoritatem
581 2004 835 2069 confirmandam
864 2004 971 2068 minus
999 2005 1155 2069 interesse
1179 2011 1283 2090 patet,

131 2119 239 2178 utrum
268 2136 305 2178 ex
336 2097 480 2196 pleniore
505 2109 621 2175 Suidae
655 2110 831 2194 exemplari
863 2133 947 2175 nunc
975 2111 1142 2194 deperdito
1171 2136 1213 2176 an
1243 2137 1282 2178 ex

130 2222 220 2286 fonte
244 2221 312 2284 eius
334 2241 393 2283 sua
412 2217 616 2282 derivaverit.
652 2217 779 2283 Primus
800 2219 886 2283 enim
906 2218 961 2303 qui
981 2219 1018 2284 de
1038 2219 1099 2284 hac
1117 2242 1151 2282 re
1171 2219 1282 2305 dispu-

131 2329 215 2394 tavit
238 2326 426 2410 Bernhardy
454 2325 487 2389 in
519 2325 620 2410 praef.
643 2323 730 2390 Suid.
752 2347 823 2390 cum
851 2325 1015 2410 plerisque
1044 2327 1117 2391 aliis
1141 2365 1183 2372 -
1208 2327 1283 2392 dico

131 2435 302 2517 Welclrer,
321 2431 373 2498 Kl.
388 2430 476 2498 Schr.
497 2431 547 2497 ΠΙ
566 2455 597 2516 p.
618 2432 694 2516 138,
713 2431 900 2516 Kleineum,
922 2430 1003 2497 Stes.
1024 2434 1138 2519 fragm.
1154 2436 1219 2518 p.3
1241 2472 1279 2482 -

131 2542 306 2627 perfectius
336 2539 451 2605 Suidae
482 2541 645 2626 exemplar
668 2540 834 2605 Eudociae
860 2545 993 2626 praesto
1016 2543 1116 2606 fuisse
1147 2543 1284 2607 censuit.

133 2651 225 2726 Quod
248 2648 429 2734 praefracte
452 2647 586 2731 negavit
609 2647 657 2712 M.
671 2646 808 2711 Schmidt
827 2644 943 2713 Annal.
961 2648 1040 2732 phil.
1056 2647 1142 2713 1855
1160 2671 1190 2731 p.
1205 2650 1284 2733 474,

133 2756 289 2841 Hesychii
302 2754 579 2840 Onomatologum
593 2754 719 2818 fontem
739 2754 807 2817 eius
827 2753 926 2818 fuisse
945 2758 1045 2839 ratus,
1062 2756 1113 2820 cui
1129 2755 1282 2839 deinceps

134 2863 394 2927 assentiebantur
435 2861 468 2926 V.
488 2861 581 2944 Rose,
613 2859 651 2923 de
685 2861 738 2924 Ar.
766 2860 838 2925 libr.
863 2861 929 2925 ord.
956 2884 986 2945 p.
1010 2863 1065 2944 50,
1098 2863 1142 2925 H.
1167 2862 1282 2947 Weber,

133 2969 251 3035 Philol.
267 2967 377 3052 Suppl.
392 2966 441 3031 ΙΙΙ
455 2990 486 3052 p.
502 2967 566 3031 469
581 2970 647 3030 not.
663 2966 715 3050 35,
728 2966 786 3030 Fr.
800 2967 965 3051 Niciascbe,
980 2968 1061 3033 Mus.
1076 2968 1282 3034 RhenXXIl

133 3098 163 3159 p.
182 3076 243 3140 189
254 3096 320 3158 seq.
334 3071 444 3136 XXIV
463 3096 492 3156 p.
508 3073 573 3136 212
603 3076 636 3136 et
663 3073 742 3157 228,
773 3073 829 3138 lb.
844 3073 962 3158 Berpt,
989 3074 1050 3141 Lit.
1067 3075 1151 3140 Gal
1170 3101 1200 3161 p.
1216 3078 1281 3142 293

133 3185 200 3247 not.
224 3182 281 3264 50,
308 3179 547 3256 δονκνκθνῦνοίί,
573 3178 611 3243 de
635 3179 822 3264 phlyacogr.
848 3179 902 3244 Gr.
926 3204 956 3265 p.
975 3182 1018 3245 22
1043 3181 1149 3267 (Vnst.
1172 3181 1282 3270 1875),

133 3289 177 3353 H.
191 3289 335 3371 Βκκρεν,
358 3285 477 3369 Diktys
502 3289 560 3351 etc.
575 3308 605 3370 p.
624 3287 661 3350 11
684 3290 717 3350 et
735 3287 778 3359 52
802 3284 930 3370 (Dresd.
948 3288 1057 3374 1878),
1081 3289 1227 3373 equidem
1246 3290 1280 3354 in

135 3389 231 3459 libro¹
248 3393 557 3479 ‘Untersuchungen
585 3394 664 3458 iiber
693 3393 780 3458 Suid.
800 3395 866 3458 und
884 3393 980 3458 Eud!
997 3392 1144 3481 (Leipzig
1172 3397 1281 3482 1879),

136 3503 176 3566 al.
217 3500 267 3565 Ex
291 3499 452 3565 contraria
475 3503 585 3564 autem
613 3503 705 3584 parte
728 3504 804 3583 post
828 3499 1077 3584 Bernhardyum
1103 3503 1280 3586 disputavit

136 3608 174 3672 R.
189 3607 343 3684 Nitascbe,
364 3606 590 3682 'QuaestEud
605 3631 635 3691 p.
650 3608 692 3672 28
712 3629 777 3692 seq.
802 3606 945 3692 (Altenb.
968 3608 1067 3693 1868)
1091 3614 1167 3692 post
1195 3632 1279 3673 eum·

137 3736 197 3799 que
219 3714 380 3778 innumeri
403 3715 470 3778 fere
498 3714 615 3779 critici:
640 3713 711 3778 dico
734 3713 1037 3798 Wilamowitzium,
1060 3713 1279 3800 Maassium²),

136 3981 192 4034 not.
212 3979 360 4033 verborum
380 3981 501 4049 κρίνειν,
526 3975 679 4048 ἐγκρίνειν,
704 3972 844 4046 ἐκκρίνειν
868 3979 996 4032 usumin
1022 3978 1088 4033 vitis
1107 3981 1275 4049 Λυκοῦργος,

136 4055 341 4128 Νικόστρατος,
361 4057 494 4127 Πυθέας,
509 4054 673 4129 Ὑπερείδης
692 4056 877 4114 observatum.

63 4158 74 4176 ·
208 4142 234 4209 1)
254 4140 280 4194 Is
294 4138 381 4208 enim,
401 4141 433 4193 ut
447 4157 501 4194 uno
521 4139 649 4207 exemplo
668 4137 739 4207 utar,
759 4138 862 4193 Suidae
881 4138 1004 4208 glossam
1021 4140 1125 4208 Φρῦνις
1144 4141 1180 4194 ab
1195 4141 1278 4207 Hesy-

137 4220 199 4274 cbio
224 4220 320 4275 datam
344 4237 403 4274 esse
423 4220 516 4288 inepte
541 4218 624 4287 dixit,
648 4235 731 4287 quam
751 4235 783 4273 ex
804 4219 889 4273 schol.
909 4218 1051 4288 Aristoph.
1073 4219 1145 4275 Nub.
1161 4227 1212 4276 976
1233 4221 1278 4274 fln-

136 4301 209 4354 xisse
228 4301 285 4355 iam
303 4300 376 4354 vidit
394 4300 537 4354 Kusterus.
1262 4338 1267 4348 .
1351 4296 1352 4301 ’

209 4383 235 4446 2)
272 4380 336 4436 Non
368 4378 471 4433 attinet
503 4394 536 4433 ea
569 4378 705 4450 refutare,
739 4397 809 4448 quae
842 4379 946 4445 Manes,
975 4377 1068 4448 Biogr.
1096 4397 1123 4449 p.
1150 4385 1201 4434 114
1224 4397 1278 4448 seq.
