<?xml version="1.0" encoding="UTF-8"?>
<!DOCTYPE html PUBLIC "-//W3C//DTD XHTML 1.0 Transitional//EN"
    "http://www.w3.org/TR/xhtml1/DTD/xhtml1-transitional.dtd">
<html xmlns="http://www.w3.org/1999/xhtml" xml:lang="en" lang="en">
 <head>
  <title>
</title>
<meta http-equiv="Content-Type" content="text/html;charset=utf-8" />
  <meta name='ocr-system' content='tesseract 3.04.00' />
  <meta name='ocr-capabilities' content='ocr_page ocr_carea ocr_par ocr_line ocrx_word'/>
</head>
<body>
  <div class='ocr_page' id='page_1' title='image "./hesychiimilesii03flacgoog_0250.png"; bbox 0 0 2880 5054; ppageno 0'>
   <div class='ocr_carea' id='block_1_1' title="bbox 613 330 1291 395">
    <p class='ocr_par' dir='ltr' id='par_1_1' title="bbox 613 330 1291 395">
     <span class='ocr_line' id='line_1_1' title="bbox 613 330 1291 395; baseline 0 -11"><span class='ocrx_word' id='word_1_1' title='bbox 613 331 825 386; x_wconf 81' lang='lat' dir='ltr'>HESYCHIUS.</span> <span class='ocrx_word' id='word_1_2' title='bbox 1229 330 1291 395; x_wconf 75' lang='lat'><em>173</em></span> 
     </span>
    </p>
   </div>
   <div class='ocr_carea' id='block_1_2' title="bbox 139 489 1332 2501">
    <p class='ocr_par' dir='ltr' id='par_1_2' title="bbox 142 489 1291 579">
     <span class='ocr_line' id='line_1_2' title="bbox 142 489 1291 579; baseline -0.001 -19"><span class='ocrx_word' id='word_1_3' title='bbox 142 492 179 560; x_wconf 75' lang='lat' dir='ltr'><em>dl</em></span> <span class='ocrx_word' id='word_1_4' title='bbox 212 489 296 561; x_wconf 81' lang='grc' dir='ltr'><em>κατὰ</em></span> <span class='ocrx_word' id='word_1_5' title='bbox 327 500 538 579; x_wconf 85' lang='grc' dir='ltr'><em>Πτολεμαίου</em></span> <span class='ocrx_word' id='word_1_6' title='bbox 564 491 625 559; x_wconf 89' lang='grc' dir='ltr'><em>τὸν</em></span> <span class='ocrx_word' id='word_1_7' title='bbox 649 489 823 578; x_wconf 77' lang='grc' dir='ltr'><em>Ἐπιφανῆ.</em></span> <span class='ocrx_word' id='word_1_8' title='bbox 872 490 956 560; x_wconf 84' lang='grc' dir='ltr'><em>κατά</em></span> <span class='ocrx_word' id='word_1_9' title='bbox 986 491 1024 560; x_wconf 71' lang='grc' dir='ltr'><em>δέ</em></span> <span class='ocrx_word' id='word_1_10' title='bbox 1048 489 1291 578; x_wconf 76' lang='grc' dir='ltr'><em>Ἀσκληπιάδην</em></span> 
     </span>
    </p>

    <p class='ocr_par' dir='ltr' id='par_1_3' title="bbox 139 596 1291 692">
     <span class='ocr_line' id='line_1_3' title="bbox 139 596 1291 692; baseline 0 -25"><span class='ocrx_word' id='word_1_11' title='bbox 139 598 200 668; x_wconf 88' lang='grc' dir='ltr'><em>τὸν</em></span> <span class='ocrx_word' id='word_1_12' title='bbox 231 597 436 686; x_wconf 89' lang='grc' dir='ltr'><em>Μυρλεαυὸν</em></span> <span class='ocrx_word' id='word_1_13' title='bbox 472 597 712 685; x_wconf 85' lang='grc' dir='ltr'><em>συνεχρόνισεν</em></span> <span class='ocrx_word' id='word_1_14' title='bbox 742 596 974 686; x_wconf 76' lang='grc' dir='ltr'><em>Ἀριστοφάνει</em></span> <span class='ocrx_word' id='word_1_15' title='bbox 1004 604 1048 691; x_wconf 93' lang='grc' dir='ltr'><em>τῷ</em></span> <span class='ocrx_word' id='word_1_16' title='bbox 1077 604 1291 692; x_wconf 77' lang='grc' dir='ltr'><em>γραμματικῷ</em></span> 
     </span>
    </p>

    <p class='ocr_par' dir='ltr' id='par_1_4' title="bbox 139 703 1292 794">
     <span class='ocr_line' id='line_1_4' title="bbox 139 703 1292 794; baseline 0.001 -22"><span class='ocrx_word' id='word_1_17' title='bbox 139 706 196 773; x_wconf 87' lang='grc' dir='ltr'><em>καὶ</em></span> <span class='ocrx_word' id='word_1_18' title='bbox 228 705 386 792; x_wconf 76' lang='grc' dir='ltr'><em>διήκουσε</em></span> <span class='ocrx_word' id='word_1_19' title='bbox 412 707 468 773; x_wconf 78' lang='grc' dir='ltr'><em>καί</em></span> <span class='ocrx_word' id='word_1_20' title='bbox 496 710 556 774; x_wconf 83' lang='grc' dir='ltr'><em>τοῦ</em></span> <span class='ocrx_word' id='word_1_21' title='bbox 580 703 713 774; x_wconf 85' lang='grc' dir='ltr'><em>Ῥοδίου</em></span> <span class='ocrx_word' id='word_1_22' title='bbox 741 712 939 774; x_wconf 82' lang='grc' dir='ltr'><em>Παναιτίου.</em></span> <span class='ocrx_word' id='word_1_23' title='bbox 986 712 1108 793; x_wconf 79' lang='grc' dir='ltr'><em>ε”γραψε</em></span> <span class='ocrx_word' id='word_1_24' title='bbox 1136 705 1292 794; x_wconf 91' lang='grc' dir='ltr'><em>περιήγη-</em></span> 
     </span>
    </p>

    <p class='ocr_par' dir='ltr' id='par_1_5' title="bbox 142 810 1292 900">
     <span class='ocr_line' id='line_1_5' title="bbox 142 810 1292 900; baseline -0.001 -19"><span class='ocrx_word' id='word_1_25' title='bbox 142 833 198 881; x_wconf 93' lang='grc' dir='ltr'><em>σιν</em></span> <span class='ocrx_word' id='word_1_26' title='bbox 218 810 321 880; x_wconf 81' lang='grc' dir='ltr'><em>Ἰλίου</em></span> <span class='ocrx_word' id='word_1_27' title='bbox 345 816 382 881; x_wconf 85' lang='grc' dir='ltr'><em>έν</em></span> <span class='ocrx_word' id='word_1_28' title='bbox 405 818 549 899; x_wconf 79' lang='grc' dir='ltr'><em>βιβλίοις</em></span> <span class='ocrx_word' id='word_1_29' title='bbox 570 811 616 898; x_wconf 86' lang='grc' dir='ltr'><em>γ’,</em></span> <span class='ocrx_word' id='word_1_30' title='bbox 646 810 705 898; x_wconf 76' lang='grc' dir='ltr'><em>(τά</em></span> <span class='ocrx_word' id='word_1_31' title='bbox 729 810 811 897; x_wconf 84' lang='grc' dir='ltr'><em>πρὸς</em></span> <span class='ocrx_word' id='word_1_32' title='bbox 831 811 967 882; x_wconf 86' lang='grc' dir='ltr'><em>Ἀδαίου</em></span> <span class='ocrx_word' id='word_1_33' title='bbox 989 814 1045 881; x_wconf 86' lang='grc' dir='ltr'><em>καλ</em></span> <span class='ocrx_word' id='word_1_34' title='bbox 1065 812 1292 900; x_wconf 86' lang='grc' dir='ltr'><em>Ἀντίγονου,&gt;</em></span> 
     </span>
    </p>

    <p class='ocr_par' dir='ltr' id='par_1_6' title="bbox 140 918 1319 1118">
     <span class='ocr_line' id='line_1_6' title="bbox 140 918 1319 1007; baseline -0.002 -18"><span class='ocrx_word' id='word_1_35' title='bbox 140 926 263 1000; x_wconf 84' lang='grc' dir='ltr'><em>κτίσεις</em></span> <span class='ocrx_word' id='word_1_36' title='bbox 285 924 353 987; x_wconf 92' lang='grc' dir='ltr'><em>τῶν</em></span> <span class='ocrx_word' id='word_1_37' title='bbox 376 922 413 988; x_wconf 91' lang='grc' dir='ltr'><em>έν</em></span> <span class='ocrx_word' id='word_1_38' title='bbox 440 924 567 987; x_wconf 77' lang='grc' dir='ltr'><em>Φωκίδι</em></span> <span class='ocrx_word' id='word_1_39' title='bbox 590 919 722 987; x_wconf 88' lang='grc' dir='ltr'><em>πόλεων</em></span> <span class='ocrx_word' id='word_1_40' title='bbox 744 921 799 988; x_wconf 79' lang='grc' dir='ltr'><em>καὶ</em></span> <span class='ocrx_word' id='word_1_41' title='bbox 822 921 898 1006; x_wconf 82' lang='grc' dir='ltr'><em>περὶ</em></span> <span class='ocrx_word' id='word_1_42' title='bbox 916 924 975 1007; x_wconf 85' lang='grc' dir='ltr'><em>τής</em></span> <span class='ocrx_word' id='word_1_43' title='bbox 992 918 1076 1006; x_wconf 82' lang='grc' dir='ltr'><em>πρὸς</em></span> <span class='ocrx_word' id='word_1_44' title='bbox 1091 919 1319 1006; x_wconf 69' lang='grc' dir='ltr'><em>Ἀθηναίονςὸ</em></span> 
     </span>
     <span class='ocr_line' id='line_1_7' title="bbox 143 1024 1292 1118; baseline -0.002 -22"><span class='ocrx_word' id='word_1_45' title='bbox 143 1033 339 1114; x_wconf 76' lang='grc' dir='ltr'><em>συγγενείας</em></span> <span class='ocrx_word' id='word_1_46' title='bbox 363 1024 489 1110; x_wconf 82' lang='grc' dir='ltr'><em>[αὐτῶν</em></span> <span class='ocrx_word' id='word_1_47' title='bbox 513 1032 647 1111; x_wconf 85' lang='grc' dir='ltr'><em>κτίσεις]</em></span> <span class='ocrx_word' id='word_1_48' title='bbox 672 1031 740 1095; x_wconf 93' lang='grc' dir='ltr'><em>τῶν</em></span> <span class='ocrx_word' id='word_1_49' title='bbox 764 1028 800 1094; x_wconf 81' lang='grc' dir='ltr'><em>ἐν</em></span> <span class='ocrx_word' id='word_1_50' title='bbox 819 1027 942 1118; x_wconf 89' lang='grc' dir='ltr'><em>Πόντῳ</em></span> <span class='ocrx_word' id='word_1_51' title='bbox 965 1028 1107 1112; x_wconf 87' lang='grc' dir='ltr'><em>πόλεων,</em></span> <span class='ocrx_word' id='word_1_52' title='bbox 1131 1027 1206 1115; x_wconf 80' lang='grc' dir='ltr'><em>περὶ</em></span> <span class='ocrx_word' id='word_1_53' title='bbox 1224 1031 1292 1094; x_wconf 90' lang='grc' dir='ltr'><em>τῶν</em></span> 
     </span>
    </p>

    <p class='ocr_par' dir='ltr' id='par_1_7' title="bbox 142 1130 1294 1221">
     <span class='ocr_line' id='line_1_8' title="bbox 142 1130 1294 1221; baseline -0.001 -19"><span class='ocrx_word' id='word_1_54' title='bbox 142 1138 179 1202; x_wconf 83' lang='grc' dir='ltr'><em>ἐν</em></span> <span class='ocrx_word' id='word_1_55' title='bbox 219 1139 447 1220; x_wconf 90' lang='grc' dir='ltr'><em>Λακεδαίμονι</em></span> <span class='ocrx_word' id='word_1_56' title='bbox 489 1136 545 1201; x_wconf 86' lang='grc' dir='ltr'><em>καὶ</em></span> <span class='ocrx_word' id='word_1_57' title='bbox 580 1132 664 1201; x_wconf 84' lang='grc' dir='ltr'><em>άλλα</em></span> <span class='ocrx_word' id='word_1_58' title='bbox 695 1141 846 1219; x_wconf 80' lang='grc' dir='ltr'><em>πλείστα,</em></span> <span class='ocrx_word' id='word_1_59' title='bbox 884 1137 921 1202; x_wconf 87' lang='grc' dir='ltr'><em>έν</em></span> <span class='ocrx_word' id='word_1_60' title='bbox 959 1130 1009 1215; x_wconf 86' lang='grc' dir='ltr'><em>οἷς</em></span> <span class='ocrx_word' id='word_1_61' title='bbox 1042 1136 1099 1202; x_wconf 79' lang='grc' dir='ltr'><em>καὶ</em></span> <span class='ocrx_word' id='word_1_62' title='bbox 1129 1132 1294 1221; x_wconf 78' lang='grc' dir='ltr'><em>κοσμικὴν</em></span> 
     </span>
    </p>

    <p class='ocr_par' dir='ltr' id='par_1_8' title="bbox 144 1240 687 1328">
     <span class='ocr_line' id='line_1_9' title="bbox 144 1240 687 1328; baseline 0 -20"><span class='ocrx_word' id='word_1_63' title='bbox 144 1241 343 1328; x_wconf 80' lang='grc' dir='ltr'><em>περιήγησιν</em></span> <span class='ocrx_word' id='word_1_64' title='bbox 366 1240 440 1328; x_wconf 86' lang='grc' dir='ltr'><em>ήτοι</em></span> <span class='ocrx_word' id='word_1_65' title='bbox 464 1246 687 1327; x_wconf 87' lang='grc' dir='ltr'><em>γεωγραφίαν.</em></span> 
     </span>
    </p>

    <p class='ocr_par' dir='ltr' id='par_1_9' title="bbox 141 1346 1332 2501">
     <span class='ocr_line' id='line_1_10' title="bbox 232 1346 1294 1436; baseline 0.002 -22"><span class='ocrx_word' id='word_1_66' title='bbox 232 1349 324 1416; x_wconf 79' lang='lat' dir='ltr'><strong>DOL.</strong></span> <span class='ocrx_word' id='word_1_67' title='bbox 363 1348 560 1434; x_wconf 86' lang='grc' dir='ltr'><em>Πολέμων</em></span> <span class='ocrx_word' id='word_1_68' title='bbox 584 1346 786 1434; x_wconf 82' lang='grc' dir='ltr'><em>Λαοδικεύς,</em></span> <span class='ocrx_word' id='word_1_69' title='bbox 815 1346 922 1436; x_wconf 86' lang='grc' dir='ltr'><em>ήγουν</em></span> <span class='ocrx_word' id='word_1_70' title='bbox 951 1351 987 1417; x_wconf 86' lang='grc' dir='ltr'><em>έκ</em></span> <span class='ocrx_word' id='word_1_71' title='bbox 1009 1355 1209 1429; x_wconf 82' lang='grc' dir='ltr'><em>Λαοδικείας</em></span> <span class='ocrx_word' id='word_1_72' title='bbox 1236 1353 1294 1435; x_wconf 79' lang='grc' dir='ltr'><em>τῆς</em></span> 
     </span>
     <span class='ocr_line' id='line_1_11' title="bbox 143 1452 1332 1546; baseline 0.002 -25"><span class='ocrx_word' id='word_1_73' title='bbox 143 1454 226 1541; x_wconf 84' lang='grc' dir='ltr'><em>πρὸς</em></span> <span class='ocrx_word' id='word_1_74' title='bbox 248 1458 293 1546; x_wconf 88' lang='grc' dir='ltr'><em>τῷ</em></span> <span class='ocrx_word' id='word_1_75' title='bbox 315 1452 416 1544; x_wconf 88' lang='grc' dir='ltr'><em>Λύκῳ</em></span> <span class='ocrx_word' id='word_1_76' title='bbox 440 1458 587 1543; x_wconf 85' lang='grc' dir='ltr'><em>ποταμῷ,</em></span> <span class='ocrx_word' id='word_1_77' title='bbox 611 1454 721 1541; x_wconf 83' lang='grc' dir='ltr'><em>ῥήτωρ</em></span> <span class='ocrx_word' id='word_1_78' title='bbox 740 1455 795 1522; x_wconf 87' lang='grc' dir='ltr'><em>καὶ</em></span> <span class='ocrx_word' id='word_1_79' title='bbox 814 1455 985 1543; x_wconf 84' lang='grc' dir='ltr'><em>σοφιστής,</em></span> <span class='ocrx_word' id='word_1_80' title='bbox 1010 1456 1233 1543; x_wconf 82' lang='grc' dir='ltr'><em>σοφιστεύσας</em></span> <span class='ocrx_word' id='word_1_81' title='bbox 1256 1459 1292 1524; x_wconf 83' lang='grc' dir='ltr'><em>ἐν</em></span> <span class='ocrx_word' id='word_1_82' title='bbox 1307 1473 1332 1512; x_wconf 90' lang='lat'><em>1⁰</em></span> 
     </span>
     <span class='ocr_line' id='line_1_12' title="bbox 144 1554 1294 1650; baseline 0.003 -23"><span class='ocrx_word' id='word_1_83' title='bbox 144 1560 304 1650; x_wconf 82' lang='grc' dir='ltr'><em>Σμύρνη,</em></span> <span class='ocrx_word' id='word_1_84' title='bbox 333 1564 534 1639; x_wconf 91' lang='grc' dir='ltr'><em>διδάσκαλος</em></span> <span class='ocrx_word' id='word_1_85' title='bbox 555 1558 760 1645; x_wconf 75' lang='grc' dir='ltr'><em>Ἀριστείδου</em></span> <span class='ocrx_word' id='word_1_86' title='bbox 782 1564 844 1629; x_wconf 85' lang='grc' dir='ltr'><em>τού</em></span> <span class='ocrx_word' id='word_1_87' title='bbox 867 1559 1016 1649; x_wconf 84' lang='grc' dir='ltr'><em>ῥήτορος.</em></span> <span class='ocrx_word' id='word_1_88' title='bbox 1055 1554 1099 1649; x_wconf 81' lang='grc' dir='ltr'><em>ἦν</em></span> <span class='ocrx_word' id='word_1_89' title='bbox 1123 1561 1160 1630; x_wconf 75' lang='grc' dir='ltr'><em>δέ</em></span> <span class='ocrx_word' id='word_1_90' title='bbox 1183 1565 1240 1630; x_wconf 88' lang='grc' dir='ltr'><em>έπί</em></span> <span class='ocrx_word' id='word_1_91' title='bbox 1259 1589 1294 1630; x_wconf 90' lang='grc' dir='ltr'><em>τε</em></span> 
     </span>
     <span class='ocr_line' id='line_1_13' title="bbox 145 1662 1293 1756; baseline 0.003 -23"><span class='ocrx_word' id='word_1_92' title='bbox 145 1671 315 1753; x_wconf 82' lang='grc' dir='ltr'><em>Τραϊανοῦ</em></span> <span class='ocrx_word' id='word_1_93' title='bbox 329 1668 384 1734; x_wconf 83' lang='grc' dir='ltr'><em>καὶ</em></span> <span class='ocrx_word' id='word_1_94' title='bbox 399 1663 469 1753; x_wconf 83' lang='grc' dir='ltr'><em>μετ’</em></span> <span class='ocrx_word' id='word_1_95' title='bbox 486 1663 590 1732; x_wconf 85' lang='grc' dir='ltr'><em>αὐτόν</em></span> <span class='ocrx_word' id='word_1_96' title='bbox 596 1717 605 1751; x_wconf 81' lang='grc'><em>,</em></span> <span class='ocrx_word' id='word_1_97' title='bbox 621 1662 773 1751; x_wconf 74' lang='grc' dir='ltr'><em>μαθητής</em></span> <span class='ocrx_word' id='word_1_98' title='bbox 788 1665 825 1733; x_wconf 73' lang='grc' dir='ltr'><em>δέ</em></span> <span class='ocrx_word' id='word_1_99' title='bbox 840 1667 969 1752; x_wconf 80' lang='grc' dir='ltr'><em>ἐγένετο</em></span> <span class='ocrx_word' id='word_1_100' title='bbox 991 1668 1219 1756; x_wconf 84' lang='grc' dir='ltr'><em>Τιμοκράτους</em></span> <span class='ocrx_word' id='word_1_101' title='bbox 1232 1673 1293 1736; x_wconf 85' lang='grc' dir='ltr'><em>τοῦ</em></span> 
     </span>
     <span class='ocr_line' id='line_1_14' title="bbox 143 1770 1292 1864; baseline 0.002 -24"><span class='ocrx_word' id='word_1_102' title='bbox 143 1774 175 1854; x_wconf 81' lang='grc' dir='ltr'><em>ἐξ</em></span> <span class='ocrx_word' id='word_1_103' title='bbox 194 1771 391 1860; x_wconf 89' lang='grc' dir='ltr'><em>Ἡρακλείας</em></span> <span class='ocrx_word' id='word_1_104' title='bbox 413 1776 472 1859; x_wconf 79' lang='grc' dir='ltr'><em>τῆς</em></span> <span class='ocrx_word' id='word_1_105' title='bbox 493 1774 531 1839; x_wconf 79' lang='grc' dir='ltr'><em>ἐν</em></span> <span class='ocrx_word' id='word_1_106' title='bbox 549 1775 595 1864; x_wconf 91' lang='grc' dir='ltr'><em>τῷ</em></span> <span class='ocrx_word' id='word_1_107' title='bbox 616 1770 737 1861; x_wconf 90' lang='grc' dir='ltr'><em>Πόντῳ</em></span> <span class='ocrx_word' id='word_1_108' title='bbox 762 1772 956 1858; x_wconf 89' lang='grc' dir='ltr'><em>φιλοσόφου</em></span> <span class='ocrx_word' id='word_1_109' title='bbox 977 1775 1033 1841; x_wconf 83' lang='grc' dir='ltr'><em>καὶ</em></span> <span class='ocrx_word' id='word_1_110' title='bbox 1056 1780 1292 1843; x_wconf 84' lang='grc' dir='ltr'><em>Σκοπελιανοῦ</em></span> 
     </span>
     <span class='ocr_line' id='line_1_15' title="bbox 141 1877 1293 1965; baseline 0.003 -19"><span class='ocrx_word' id='word_1_111' title='bbox 141 1884 203 1948; x_wconf 86' lang='grc' dir='ltr'><em>τού</em></span> <span class='ocrx_word' id='word_1_112' title='bbox 229 1884 401 1965; x_wconf 83' lang='grc' dir='ltr'><em>σοφιστοῦ.</em></span> <span class='ocrx_word' id='word_1_113' title='bbox 429 1877 628 1964; x_wconf 84' lang='grc' dir='ltr'><em>έτελεύτησε</em></span> <span class='ocrx_word' id='word_1_114' title='bbox 648 1878 685 1945; x_wconf 74' lang='grc' dir='ltr'><em>δὲ</em></span> <span class='ocrx_word' id='word_1_115' title='bbox 705 1877 737 1953; x_wconf 90' lang='grc' dir='ltr'><em>ς’</em></span> <span class='ocrx_word' id='word_1_116' title='bbox 761 1879 815 1946; x_wconf 79' lang='grc' dir='ltr'><em>καὶ</em></span> <span class='ocrx_word' id='word_1_117' title='bbox 839 1878 873 1946; x_wconf 86' lang='grc' dir='ltr'><em>ν’</em></span> <span class='ocrx_word' id='word_1_118' title='bbox 899 1881 1071 1949; x_wconf 77' lang='grc' dir='ltr'><em>ἐνιαυτῶν.</em></span> <span class='ocrx_word' id='word_1_119' title='bbox 1103 1880 1236 1964; x_wconf 84' lang='grc' dir='ltr'><em>[ἑαυτὸν</em></span> <span class='ocrx_word' id='word_1_120' title='bbox 1256 1884 1293 1949; x_wconf 86' lang='grc' dir='ltr'><em>έν</em></span> 
     </span>
     <span class='ocr_line' id='line_1_16' title="bbox 141 1982 1332 2078; baseline 0.003 -25"><span class='ocrx_word' id='word_1_121' title='bbox 141 1990 187 2077; x_wconf 90' lang='grc' dir='ltr'><em>τῷ</em></span> <span class='ocrx_word' id='word_1_122' title='bbox 211 1986 307 2078; x_wconf 92' lang='grc' dir='ltr'><em>τάφῳ</em></span> <span class='ocrx_word' id='word_1_123' title='bbox 332 1984 484 2074; x_wconf 80' lang='grc' dir='ltr'><em>ἐμβαλῶν</em></span> <span class='ocrx_word' id='word_1_124' title='bbox 506 1987 561 2053; x_wconf 78' lang='grc' dir='ltr'><em>καί</em></span> <span class='ocrx_word' id='word_1_125' title='bbox 588 1982 858 2072; x_wconf 88' lang='grc' dir='ltr'><em>άποκαρτερήσας</em></span> <span class='ocrx_word' id='word_1_126' title='bbox 884 1985 940 2054; x_wconf 82' lang='grc' dir='ltr'><em>διὰ</em></span> <span class='ocrx_word' id='word_1_127' title='bbox 964 1985 1001 2055; x_wconf 89' lang='grc' dir='ltr'><em>τδ</em></span> <span class='ocrx_word' id='word_1_128' title='bbox 1029 1991 1229 2075; x_wconf 77' lang='grc' dir='ltr'><em>συνέχεσθαι</em></span> <span class='ocrx_word' id='word_1_129' title='bbox 1252 2000 1292 2078; x_wconf 77' lang='grc' dir='ltr'><em>τῇ</em></span> <span class='ocrx_word' id='word_1_130' title='bbox 1308 2005 1332 2044; x_wconf 80' lang='lat'><em>1⁵</em></span> 
     </span>
     <span class='ocr_line' id='line_1_17' title="bbox 141 2091 1291 2185; baseline 0.004 -26"><span class='ocrx_word' id='word_1_131' title='bbox 141 2091 316 2179; x_wconf 77' lang='grc' dir='ltr'><em>άρθρίτιδι</em></span> <span class='ocrx_word' id='word_1_132' title='bbox 330 2093 430 2185; x_wconf 91' lang='grc' dir='ltr'><em>νόσῳ.</em></span> <span class='ocrx_word' id='word_1_133' title='bbox 460 2091 584 2160; x_wconf 81' lang='grc' dir='ltr'><em>διὸκαὶ</em></span> <span class='ocrx_word' id='word_1_134' title='bbox 598 2096 666 2160; x_wconf 90' lang='grc' dir='ltr'><em>τῶν</em></span> <span class='ocrx_word' id='word_1_135' title='bbox 682 2096 854 2178; x_wconf 79' lang='grc' dir='ltr'><em>συγγενῶν</em></span> <span class='ocrx_word' id='word_1_136' title='bbox 868 2094 923 2160; x_wconf 80' lang='grc' dir='ltr'><em>καὶ</em></span> <span class='ocrx_word' id='word_1_137' title='bbox 942 2100 1052 2180; x_wconf 91' lang='grc' dir='ltr'><em>φίλων</em></span> <span class='ocrx_word' id='word_1_138' title='bbox 1066 2096 1291 2182; x_wconf 75' lang='grc' dir='ltr'><em>θρηνούντων</em></span> 
     </span>
     <span class='ocr_line' id='line_1_18' title="bbox 142 2195 1290 2290; baseline 0.003 -22"><span class='ocrx_word' id='word_1_139' title='bbox 142 2202 272 2286; x_wconf 87' lang='grc' dir='ltr'><em>λέγεται</em></span> <span class='ocrx_word' id='word_1_140' title='bbox 292 2204 397 2268; x_wconf 86' lang='grc' dir='ltr'><em>είπείν</em></span> <span class='ocrx_word' id='word_1_141' title='bbox 419 2198 503 2287; x_wconf 91' lang='grc' dir='ltr'><em>πρὸς</em></span> <span class='ocrx_word' id='word_1_142' title='bbox 521 2195 643 2278; x_wconf 82' lang='grc' dir='ltr'><em>αὐτοὺς</em></span> <span class='ocrx_word' id='word_1_143' title='bbox 663 2197 723 2267; x_wconf 86' lang='grc' dir='ltr'><em>τὸν</em></span> <span class='ocrx_word' id='word_1_144' title='bbox 743 2200 930 2286; x_wconf 90' lang='grc' dir='ltr'><em>Πολέμωνα</em></span> <span class='ocrx_word' id='word_1_145' title='bbox 954 2199 1052 2269; x_wconf 61' lang='lat' dir='ltr'><em>‘odas‘</em></span> <span class='ocrx_word' id='word_1_146' title='bbox 1070 2228 1128 2288; x_wconf 94' lang='grc' dir='ltr'><em>μοι</em></span> <span class='ocrx_word' id='word_1_147' title='bbox 1150 2205 1290 2290; x_wconf 80' lang='grc' dir='ltr'><em>[ἕτερον]</em></span> 
     </span>
     <span class='ocr_line' id='line_1_19' title="bbox 144 2307 1291 2399; baseline 0.003 -25"><span class='ocrx_word' id='word_1_148' title='bbox 144 2311 240 2394; x_wconf 90' lang='grc' dir='ltr'><em>σῶμα</em></span> <span class='ocrx_word' id='word_1_149' title='bbox 254 2309 310 2374; x_wconf 84' lang='grc' dir='ltr'><em>καλ</em></span> <span class='ocrx_word' id='word_1_150' title='bbox 325 2307 595 2395; x_wconf 85' lang='grc' dir='ltr'><em>μετεμβήσομαι’.</em></span> <span class='ocrx_word' id='word_1_151' title='bbox 617 2307 756 2385; x_wconf 81' lang='grc' dir='ltr'><em>καὶτοῖς</em></span> <span class='ocrx_word' id='word_1_152' title='bbox 772 2311 899 2394; x_wconf 80' lang='grc' dir='ltr'><em>ἰατροῖς</em></span> <span class='ocrx_word' id='word_1_153' title='bbox 913 2307 966 2375; x_wconf 81' lang='grc' dir='ltr'><em>ε’πὶ</em></span> <span class='ocrx_word' id='word_1_154' title='bbox 981 2312 1093 2399; x_wconf 88' lang='grc' dir='ltr'><em>συχνῷ</em></span> <span class='ocrx_word' id='word_1_155' title='bbox 1110 2310 1291 2394; x_wconf 80' lang='grc' dir='ltr'><em>τέμνουσιν</em></span> 
     </span>
     <span class='ocr_line' id='line_1_20' title="bbox 143 2409 1291 2501; baseline 0.001 -20"><span class='ocrx_word' id='word_1_156' title='bbox 143 2412 251 2483; x_wconf 85' lang='grc' dir='ltr'><em>αὐτὸν</em></span> <span class='ocrx_word' id='word_1_157' title='bbox 270 2420 383 2500; x_wconf 80' lang='grc' dir='ltr'><em>ἔλεγεν</em></span> <span class='ocrx_word' id='word_1_158' title='bbox 399 2415 583 2499; x_wconf 59' lang='grc' dir='ltr'><em>’έκτέμνετε</em></span> <span class='ocrx_word' id='word_1_159' title='bbox 596 2409 655 2490; x_wconf 84' lang='grc' dir='ltr'><em>τάς</em></span> <span class='ocrx_word' id='word_1_160' title='bbox 669 2415 873 2500; x_wconf 81' lang='grc' dir='ltr'><em>Πολέμωνος</em></span> <span class='ocrx_word' id='word_1_161' title='bbox 886 2419 1044 2500; x_wconf 89' lang='grc' dir='ltr'><em>λατομίας</em></span> <span class='ocrx_word' id='word_1_162' title='bbox 1059 2412 1103 2493; x_wconf 89' lang='grc' dir='ltr'><em>ῶς</em></span> <span class='ocrx_word' id='word_1_163' title='bbox 1116 2414 1291 2501; x_wconf 76' lang='grc' dir='ltr'><em>τάχιστα’.]</em></span> 
     </span>
    </p>
   </div>
   <div class='ocr_carea' id='block_1_3' title="bbox 145 2516 1332 2716">
    <p class='ocr_par' dir='ltr' id='par_1_10' title="bbox 145 2516 1332 2716">
     <span class='ocr_line' id='line_1_21' title="bbox 232 2516 1332 2609; baseline 0 -20"><span class='ocrx_word' id='word_1_164' title='bbox 232 2524 344 2591; x_wconf 83' lang='lat' dir='ltr'><strong>DOLI.</strong></span> <span class='ocrx_word' id='word_1_165' title='bbox 380 2522 598 2607; x_wconf 81' lang='grc' dir='ltr'><em>Πολέμων</em></span> <span class='ocrx_word' id='word_1_166' title='bbox 627 2516 644 2585; x_wconf 89' lang='grc' dir='ltr'>ὁ</span> <span class='ocrx_word' id='word_1_167' title='bbox 673 2518 848 2605; x_wconf 82' lang='grc' dir='ltr'><em>νεῶτερος,</em></span> <span class='ocrx_word' id='word_1_168' title='bbox 877 2520 1046 2607; x_wconf 88' lang='grc' dir='ltr'><em>σοφιστής.</em></span> <span class='ocrx_word' id='word_1_169' title='bbox 1092 2523 1209 2609; x_wconf 87' lang='grc' dir='ltr'><em>γέγονε</em></span> <span class='ocrx_word' id='word_1_170' title='bbox 1235 2525 1291 2590; x_wconf 83' lang='grc' dir='ltr'><em>καὶ</em></span> <span class='ocrx_word' id='word_1_171' title='bbox 1306 2539 1332 2578; x_wconf 77' lang='lat'><em>20</em></span> 
     </span>
     <span class='ocr_line' id='line_1_22' title="bbox 145 2627 519 2716; baseline -0.003 -20"><span class='ocrx_word' id='word_1_172' title='bbox 145 2627 248 2707; x_wconf 85' lang='grc' dir='ltr'><em>αὐτὸς</em></span> <span class='ocrx_word' id='word_1_173' title='bbox 272 2629 324 2695; x_wconf 83' lang='grc' dir='ltr'><em>ἐπὶ</em></span> <span class='ocrx_word' id='word_1_174' title='bbox 347 2628 519 2716; x_wconf 90' lang='grc' dir='ltr'><em>Κομόδου.</em></span> 
     </span>
    </p>
   </div>
   <div class='ocr_carea' id='block_1_4' title="bbox 140 2795 1294 4548">
    <p class='ocr_par' dir='ltr' id='par_1_11' title="bbox 143 2795 1294 3108">
     <span class='ocr_line' id='line_1_23' title="bbox 216 2795 1293 2868; baseline -0.002 -15"><span class='ocrx_word' id='word_1_175' title='bbox 216 2806 229 2853; x_wconf 99' lang='grc'>1</span> <span class='ocrx_word' id='word_1_176' title='bbox 256 2800 290 2853; x_wconf 89' lang='lat' dir='ltr'><em>de</em></span> <span class='ocrx_word' id='word_1_177' title='bbox 310 2797 477 2868; x_wconf 78' lang='lat' dir='ltr'>Asclepiade</span> <span class='ocrx_word' id='word_1_178' title='bbox 503 2798 537 2852; x_wconf 87' lang='lat' dir='ltr'><em>of.</em></span> <span class='ocrx_word' id='word_1_179' title='bbox 557 2797 652 2864; x_wconf 79' lang='lat' dir='ltr'><strong>Dsub‚</strong></span> <span class='ocrx_word' id='word_1_180' title='bbox 675 2797 709 2851; x_wconf 85' lang='lat' dir='ltr'><em>de</em></span> <span class='ocrx_word' id='word_1_181' title='bbox 729 2795 805 2850; x_wconf 82' lang='lat' dir='ltr'><strong>Suid.</strong></span> <span class='ocrx_word' id='word_1_182' title='bbox 823 2813 851 2864; x_wconf 90' lang='lat' dir='ltr'><em>p.</em></span> <span class='ocrx_word' id='word_1_183' title='bbox 870 2800 921 2850; x_wconf 83' lang='lat'><em>459</em></span> <span class='ocrx_word' id='word_1_184' title='bbox 993 2803 1008 2849; x_wconf 85' lang='lat'><strong>3</strong></span> <span class='ocrx_word' id='word_1_185' title='bbox 1033 2795 1081 2850; x_wconf 76' lang='grc' dir='ltr'><em>καὶ</em></span> <span class='ocrx_word' id='word_1_186' title='bbox 1104 2795 1235 2866; x_wconf 83' lang='grc' dir='ltr'><em>διήκουσε</em></span> <span class='ocrx_word' id='word_1_187' title='bbox 1257 2828 1293 2838; x_wconf 82' lang='lat'><em>-</em></span> 
     </span>
     <span class='ocr_line' id='line_1_24' title="bbox 144 2869 1291 2940; baseline -0.001 -7"><span class='ocrx_word' id='word_1_188' title='bbox 144 2884 218 2936; x_wconf 89' lang='grc' dir='ltr'><em>Παν.</em></span> <span class='ocrx_word' id='word_1_189' title='bbox 243 2883 293 2934; x_wconf 81' lang='lat' dir='ltr'><em>aut</em></span> <span class='ocrx_word' id='word_1_190' title='bbox 316 2878 435 2934; x_wconf 84' lang='lat' dir='ltr'><strong>delenda</strong></span> <span class='ocrx_word' id='word_1_191' title='bbox 454 2879 503 2931; x_wconf 81' lang='lat' dir='ltr'><em>aul</em></span> <span class='ocrx_word' id='word_1_192' title='bbox 526 2877 703 2931; x_wconf 83' lang='lat' dir='ltr'><strong>scribendum</strong></span> <span class='ocrx_word' id='word_1_193' title='bbox 724 2870 751 2929; x_wconf 86' lang='grc' dir='ltr'><em>δ’</em></span> <span class='ocrx_word' id='word_1_194' title='bbox 768 2869 856 2929; x_wconf 75' lang='grc' dir='ltr'><em>αὐτοῦ</em></span> <span class='ocrx_word' id='word_1_195' title='bbox 881 2870 896 2929; x_wconf 86' lang='grc' dir='ltr'>ὁ</span> <span class='ocrx_word' id='word_1_196' title='bbox 917 2871 1023 2938; x_wconf 78' lang='grc' dir='ltr'><em>Ῥόδιος</em></span> <span class='ocrx_word' id='word_1_197' title='bbox 1042 2880 1198 2940; x_wconf 86' lang='grc' dir='ltr'><em>Παναίτιος</em></span> <span class='ocrx_word' id='word_1_198' title='bbox 1221 2879 1291 2933; x_wconf 89' lang='lat' dir='ltr'>ooni.</span> 
     </span>
     <span class='ocr_line' id='line_1_25' title="bbox 146 2954 1294 3027; baseline -0.002 -14"><span class='ocrx_word' id='word_1_199' title='bbox 146 2961 264 3013; x_wconf 73' lang='lat' dir='ltr'><em>lansius</em></span> <span class='ocrx_word' id='word_1_200' title='bbox 283 2958 328 3025; x_wconf 86' lang='lat' dir='ltr'>(of.</span> <span class='ocrx_word' id='word_1_201' title='bbox 343 2957 450 3012; x_wconf 82' lang='lat' dir='ltr'>Preller</span> <span class='ocrx_word' id='word_1_202' title='bbox 462 2976 489 3027; x_wconf 93' lang='lat' dir='ltr'><em>p.</em></span> <span class='ocrx_word' id='word_1_203' title='bbox 506 2959 547 3026; x_wconf 78' lang='lat'><em>7),</em></span> <span class='ocrx_word' id='word_1_204' title='bbox 565 2956 680 3010; x_wconf 83' lang='lat' dir='ltr'><strong>nomina</strong></span> <span class='ocrx_word' id='word_1_205' title='bbox 696 2954 839 3010; x_wconf 83' lang='lat' dir='ltr'><strong>Posidonii</strong></span> <span class='ocrx_word' id='word_1_206' title='bbox 858 2957 885 3009; x_wconf 78' lang='lat' dir='ltr'><em>el</em></span> <span class='ocrx_word' id='word_1_207' title='bbox 899 2955 1058 3011; x_wconf 82' lang='lat' dir='ltr'>Polemonis</span> <span class='ocrx_word' id='word_1_208' title='bbox 1078 2957 1194 3012; x_wconf 80' lang='lat' dir='ltr'>confusa</span> <span class='ocrx_word' id='word_1_209' title='bbox 1212 2961 1294 3027; x_wconf 77' lang='lat' dir='ltr'>putat</span> 
     </span>
     <span class='ocr_line' id='line_1_26' title="bbox 143 3029 1250 3108; baseline -0.001 -14"><span class='ocrx_word' id='word_1_210' title='bbox 143 3040 319 3107; x_wconf 77' lang='lat' dir='ltr'><em>Gulsohmid‚</em></span> <span class='ocrx_word' id='word_1_211' title='bbox 338 3034 541 3106; x_wconf 79' lang='grc' dir='ltr'><em>Ἀριστοφάνει,</em></span> <span class='ocrx_word' id='word_1_212' title='bbox 561 3029 595 3091; x_wconf 79' lang='grc' dir='ltr'><em>ού</em></span> <span class='ocrx_word' id='word_1_213' title='bbox 614 3036 663 3090; x_wconf 81' lang='grc' dir='ltr'><em>καὶ</em></span> <span class='ocrx_word' id='word_1_214' title='bbox 682 3033 825 3106; x_wconf 79' lang='grc' dir='ltr'><em>διήκουσε,</em></span> <span class='ocrx_word' id='word_1_215' title='bbox 845 3037 894 3090; x_wconf 85' lang='grc' dir='ltr'><em>καλ</em></span> <span class='ocrx_word' id='word_1_216' title='bbox 912 3038 950 3108; x_wconf 89' lang='grc' dir='ltr'><em>τῷ</em></span> <span class='ocrx_word' id='word_1_217' title='bbox 965 3034 1062 3108; x_wconf 88' lang='grc' dir='ltr'><em>Ῥοδίῳ</em></span> <span class='ocrx_word' id='word_1_218' title='bbox 1077 3040 1150 3093; x_wconf 87' lang='grc' dir='ltr'><em>Παν.</em></span> <span class='ocrx_word' id='word_1_219' title='bbox 1165 3040 1250 3093; x_wconf 78' lang='grc' dir='ltr'><em>Πανί)</em></span> 
     </span>
    </p>

    <p class='ocr_par' dir='ltr' id='par_1_12' title="bbox 141 3112 1294 3748">
     <span class='ocr_line' id='line_1_27' title="bbox 144 3112 1293 3188; baseline 0 -16"><span class='ocrx_word' id='word_1_220' title='bbox 144 3126 160 3172; x_wconf 87' lang='grc'>4</span> <span class='ocrx_word' id='word_1_221' title='bbox 179 3115 214 3172; x_wconf 83' lang='grc' dir='ltr'><em>τά</em></span> <span class='ocrx_word' id='word_1_222' title='bbox 234 3114 305 3188; x_wconf 86' lang='grc' dir='ltr'><em>πρὸς</em></span> <span class='ocrx_word' id='word_1_223' title='bbox 321 3113 430 3172; x_wconf 81' lang='grc' dir='ltr'><em>Ἀδαῖον</em></span> <span class='ocrx_word' id='word_1_224' title='bbox 448 3116 497 3170; x_wconf 81' lang='grc' dir='ltr'><em>καὶ</em></span> <span class='ocrx_word' id='word_1_225' title='bbox 519 3112 687 3186; x_wconf 83' lang='grc' dir='ltr'><em>(Ἀντίγονον</em></span> <span class='ocrx_word' id='word_1_226' title='bbox 710 3118 824 3187; x_wconf 76' lang='lat' dir='ltr'>supplet</span> <span class='ocrx_word' id='word_1_227' title='bbox 841 3117 1018 3188; x_wconf 73' lang='lat' dir='ltr'><strong><em>Bernhardy)</em></strong></span> <span class='ocrx_word' id='word_1_228' title='bbox 1041 3120 1106 3187; x_wconf 75' lang='lat' dir='ltr'><em>post</em></span> <span class='ocrx_word' id='word_1_229' title='bbox 1128 3117 1293 3188; x_wconf 87' lang='grc' dir='ltr'><em>περιήγησιν</em></span> 
     </span>
     <span class='ocr_line' id='line_1_28' title="bbox 146 3195 1293 3268; baseline -0.002 -14"><span class='ocrx_word' id='word_1_230' title='bbox 146 3200 210 3254; x_wconf 77' lang='lat' dir='ltr'><strong>add.</strong></span> <span class='ocrx_word' id='word_1_231' title='bbox 225 3205 248 3250; x_wconf 86' lang='lat' dir='ltr'><strong>V</strong></span> <span class='ocrx_word' id='word_1_232' title='bbox 267 3198 313 3267; x_wconf 87' lang='lat' dir='ltr'>(of.</span> <span class='ocrx_word' id='word_1_233' title='bbox 328 3199 429 3252; x_wconf 78' lang='lat' dir='ltr'>Athon.</span> <span class='ocrx_word' id='word_1_234' title='bbox 450 3197 488 3250; x_wconf 88' lang='lat' dir='ltr'><em>lX</em></span> <span class='ocrx_word' id='word_1_235' title='bbox 501 3216 528 3266; x_wconf 91' lang='lat' dir='ltr'><em>p.</em></span> <span class='ocrx_word' id='word_1_236' title='bbox 544 3199 621 3266; x_wconf 86' lang='lat'>410),</span> <span class='ocrx_word' id='word_1_237' title='bbox 641 3195 691 3250; x_wconf 83' lang='lat' dir='ltr'><em>sod</em></span> <span class='ocrx_word' id='word_1_238' title='bbox 710 3196 778 3250; x_wconf 89' lang='lat' dir='ltr'><em>olim</em></span> <span class='ocrx_word' id='word_1_239' title='bbox 797 3199 983 3260; x_wconf 70' lang='lat' dir='ltr'><em>antemissas</em></span> <span class='ocrx_word' id='word_1_240' title='bbox 1000 3196 1086 3251; x_wconf 85' lang='lat' dir='ltr'><strong>fuisse</strong></span> <span class='ocrx_word' id='word_1_241' title='bbox 1101 3198 1293 3268; x_wconf 80' lang='lat' dir='ltr'><strong>coniungenda</strong></span> 
     </span>
     <span class='ocr_line' id='line_1_29' title="bbox 143 3273 1293 3346; baseline -0.003 -12"><span class='ocrx_word' id='word_1_242' title='bbox 143 3298 207 3334; x_wconf 89' lang='lat' dir='ltr'><em>oum</em></span> <span class='ocrx_word' id='word_1_243' title='bbox 227 3279 321 3333; x_wconf 88' lang='lat' dir='ltr'><strong>verbis</strong></span> <span class='ocrx_word' id='word_1_244' title='bbox 346 3278 461 3332; x_wconf 80' lang='lat' dir='ltr'><strong>seclusis</strong></span> <span class='ocrx_word' id='word_1_245' title='bbox 486 3273 580 3329; x_wconf 79' lang='grc' dir='ltr'><em>αὐτῶν</em></span> <span class='ocrx_word' id='word_1_246' title='bbox 601 3277 717 3343; x_wconf 86' lang='grc' dir='ltr'><em>κτίσεις,</em></span> <span class='ocrx_word' id='word_1_247' title='bbox 741 3294 858 3345; x_wconf 88' lang='lat' dir='ltr'>quorum</span> <span class='ocrx_word' id='word_1_248' title='bbox 882 3276 953 3330; x_wconf 87' lang='lat' dir='ltr'><em>illud</em></span> <span class='ocrx_word' id='word_1_249' title='bbox 977 3280 1138 3346; x_wconf 72' lang='lat' dir='ltr'>corruptum</span> <span class='ocrx_word' id='word_1_250' title='bbox 1164 3281 1237 3332; x_wconf 77' lang='lat' dir='ltr'><strong>osset</strong></span> <span class='ocrx_word' id='word_1_251' title='bbox 1259 3294 1293 3332; x_wconf 82' lang='lat' dir='ltr'><em>ex</em></span> 
     </span>
     <span class='ocr_line' id='line_1_30' title="bbox 141 3352 1293 3429; baseline -0.002 -17"><span class='ocrx_word' id='word_1_252' title='bbox 141 3355 306 3429; x_wconf 77' lang='grc' dir='ltr'><em>Ἀντίγονον,</em></span> <span class='ocrx_word' id='word_1_253' title='bbox 325 3359 378 3412; x_wconf 84' lang='lat' dir='ltr'><em>hoo</em></span> <span class='ocrx_word' id='word_1_254' title='bbox 397 3357 582 3426; x_wconf 81' lang='lat' dir='ltr'><strong>adscriptum,</strong></span> <span class='ocrx_word' id='word_1_255' title='bbox 600 3358 633 3409; x_wconf 74' lang='lat' dir='ltr'><em>ut</em></span> <span class='ocrx_word' id='word_1_256' title='bbox 651 3356 770 3411; x_wconf 80' lang='lat' dir='ltr'><em>lectores</em></span> <span class='ocrx_word' id='word_1_257' title='bbox 784 3357 871 3411; x_wconf 84' lang='lat' dir='ltr'>verba</span> <span class='ocrx_word' id='word_1_258' title='bbox 885 3353 919 3410; x_wconf 82' lang='grc' dir='ltr'><em>τά</em></span> <span class='ocrx_word' id='word_1_259' title='bbox 936 3388 969 3396; x_wconf 91' lang='grc'>-</span> <span class='ocrx_word' id='word_1_260' title='bbox 987 3352 1140 3426; x_wconf 77' lang='grc' dir='ltr'><em>Ἀντίγονον</em></span> <span class='ocrx_word' id='word_1_261' title='bbox 1155 3361 1220 3412; x_wconf 76' lang='lat' dir='ltr'>onte</span> <span class='ocrx_word' id='word_1_262' title='bbox 1237 3361 1293 3412; x_wconf 83' lang='grc' dir='ltr'><em>κτί-</em></span> 
     </span>
     <span class='ocr_line' id='line_1_31' title="bbox 143 3431 1292 3506; baseline -0.003 -13"><span class='ocrx_word' id='word_1_263' title='bbox 143 3458 201 3501; x_wconf 87' lang='grc' dir='ltr'><em>σεις</em></span> <span class='ocrx_word' id='word_1_264' title='bbox 224 3437 399 3506; x_wconf 77' lang='lat' dir='ltr'><em>supplereni‚</em></span> <span class='ocrx_word' id='word_1_265' title='bbox 423 3436 532 3491; x_wconf 79' lang='lat' dir='ltr'><strong>censuit</strong></span> <span class='ocrx_word' id='word_1_266' title='bbox 551 3436 711 3490; x_wconf 76' lang='lat' dir='ltr'><em>Gutschmid</em></span> <span class='ocrx_word' id='word_1_267' title='bbox 801 3444 816 3491; x_wconf 87' lang='grc'><strong>6</strong></span> <span class='ocrx_word' id='word_1_268' title='bbox 836 3431 942 3504; x_wconf 78' lang='grc' dir='ltr'><em>αὐτῶν,</em></span> <span class='ocrx_word' id='word_1_269' title='bbox 963 3439 1066 3499; x_wconf 84' lang='grc' dir='ltr'><em>κτίσεις</em></span> <span class='ocrx_word' id='word_1_270' title='bbox 1086 3454 1120 3490; x_wconf 84' lang='lat' dir='ltr'><em>ex</em></span> <span class='ocrx_word' id='word_1_271' title='bbox 1140 3437 1207 3491; x_wconf 82' lang='lat' dir='ltr'><strong><em>Par.</em></strong></span> <span class='ocrx_word' id='word_1_272' title='bbox 1228 3436 1292 3490; x_wconf 84' lang='lat' dir='ltr'><strong>add.</strong></span> 
     </span>
     <span class='ocr_line' id='line_1_32' title="bbox 142 3513 1293 3593; baseline -0.003 -21"><span class='ocrx_word' id='word_1_273' title='bbox 142 3521 294 3587; x_wconf 78' lang='grc' dir='ltr'><em>Καείιικε,</em></span> <span class='ocrx_word' id='word_1_274' title='bbox 315 3535 368 3575; x_wconf 81' lang='lat' dir='ltr'><em>om.</em></span> <span class='ocrx_word' id='word_1_275' title='bbox 388 3516 807 3593; x_wconf 44' lang='grc' dir='ltr'><em>υυίγ.1ίκιί.,δο1.ίίκίεολυιι“ιί</em></span> <span class='ocrx_word' id='word_1_276' title='bbox 866 3513 976 3570; x_wconf 82' lang='grc' dir='ltr'><em>πόλεων</em></span> <span class='ocrx_word' id='word_1_277' title='bbox 994 3518 1061 3586; x_wconf 71' lang='lat' dir='ltr'><em>posi</em></span> <span class='ocrx_word' id='word_1_278' title='bbox 1073 3517 1178 3570; x_wconf 86' lang='grc' dir='ltr'><em>Λακεδ.</em></span> <span class='ocrx_word' id='word_1_279' title='bbox 1198 3534 1251 3571; x_wconf 89' lang='lat' dir='ltr'><em>om.</em></span> <span class='ocrx_word' id='word_1_280' title='bbox 1271 3522 1293 3568; x_wconf 89' lang='lat' dir='ltr'>v</span> 
     </span>
     <span class='ocr_line' id='line_1_33' title="bbox 143 3593 1293 3665; baseline 0.001 -13"><span class='ocrx_word' id='word_1_281' title='bbox 143 3595 274 3652; x_wconf 86' lang='grc' dir='ltr'><em>πινάκων</em></span> <span class='ocrx_word' id='word_1_282' title='bbox 284 3599 429 3653; x_wconf 73' lang='grc' dir='ltr'><em>Βιίιιωίκε</em></span> <span class='ocrx_word' id='word_1_283' title='bbox 443 3597 521 3652; x_wconf 82' lang='grc' dir='ltr'><em>ναῶν</em></span> <span class='ocrx_word' id='word_1_284' title='bbox 532 3597 694 3652; x_wconf 67' lang='grc' dir='ltr'><em>(ἱκίεολυιίά</em></span> <span class='ocrx_word' id='word_1_285' title='bbox 708 3597 809 3659; x_wconf 89' lang='grc' dir='ltr'><em>κτίσεις</em></span> <span class='ocrx_word' id='word_1_286' title='bbox 824 3617 846 3650; x_wconf 93' lang='grc' dir='ltr'><em>τ.</em></span> <span class='ocrx_word' id='word_1_287' title='bbox 863 3593 894 3650; x_wconf 84' lang='grc' dir='ltr'><em>έν</em></span> <span class='ocrx_word' id='word_1_288' title='bbox 908 3602 939 3651; x_wconf 86' lang='grc' dir='ltr'><em>Λ.</em></span> <span class='ocrx_word' id='word_1_289' title='bbox 954 3601 1015 3650; x_wconf 85' lang='grc' dir='ltr'><em>πολ.</em></span> <span class='ocrx_word' id='word_1_290' title='bbox 1027 3596 1190 3652; x_wconf 70' lang='lat' dir='ltr'><em>dubilanler</em></span> <span class='ocrx_word' id='word_1_291' title='bbox 1199 3599 1293 3665; x_wconf 80' lang='grc' dir='ltr'><em>Πανί),</em></span> 
     </span>
     <span class='ocr_line' id='line_1_34' title="bbox 142 3671 1294 3748; baseline -0.001 -15"><span class='ocrx_word' id='word_1_292' title='bbox 142 3695 317 3748; x_wconf 79' lang='lat' dir='ltr'>quamquam</span> <span class='ocrx_word' id='word_1_293' title='bbox 330 3697 385 3734; x_wconf 90' lang='lat' dir='ltr'><em>non</em></span> <span class='ocrx_word' id='word_1_294' title='bbox 400 3679 542 3734; x_wconf 86' lang='lat' dir='ltr'><strong>diversum</strong></span> <span class='ocrx_word' id='word_1_295' title='bbox 557 3694 615 3732; x_wconf 86' lang='lat' dir='ltr'><strong>esse</strong></span> <span class='ocrx_word' id='word_1_296' title='bbox 630 3695 647 3731; x_wconf 85' lang='lat' dir='ltr'>a</span> <span class='ocrx_word' id='word_1_297' title='bbox 660 3677 732 3732; x_wconf 88' lang='lat' dir='ltr'>libro</span> <span class='ocrx_word' id='word_1_298' title='bbox 743 3677 806 3744; x_wconf 79' lang='grc' dir='ltr'><em>περὶ</em></span> <span class='ocrx_word' id='word_1_299' title='bbox 817 3698 839 3732; x_wconf 88' lang='grc' dir='ltr'><em>τ.</em></span> <span class='ocrx_word' id='word_1_300' title='bbox 852 3673 883 3731; x_wconf 81' lang='grc' dir='ltr'><em>ἒν</em></span> <span class='ocrx_word' id='word_1_301' title='bbox 893 3679 997 3732; x_wconf 86' lang='grc' dir='ltr'><em>Λακεδ.</em></span> <span class='ocrx_word' id='word_1_302' title='bbox 1008 3671 1294 3748; x_wconf 72' lang='grc' dir='ltr'><em>άναθημάτωνρείελ</em></span> 
     </span>
    </p>

    <p class='ocr_par' dir='ltr' id='par_1_13' title="bbox 140 3753 1293 4148">
     <span class='ocr_line' id='line_1_35' title="bbox 215 3753 1293 3828; baseline -0.001 -15"><span class='ocrx_word' id='word_1_303' title='bbox 215 3758 287 3813; x_wconf 86' lang='lat' dir='ltr'><em>DCL</em></span> <span class='ocrx_word' id='word_1_304' title='bbox 306 3759 382 3814; x_wconf 78' lang='lat' dir='ltr'><em>Eud.</em></span> <span class='ocrx_word' id='word_1_305' title='bbox 402 3777 429 3828; x_wconf 90' lang='lat' dir='ltr'><em>p.</em></span> <span class='ocrx_word' id='word_1_306' title='bbox 444 3765 504 3813; x_wconf 77' lang='lat'>590.</span> <span class='ocrx_word' id='word_1_307' title='bbox 543 3757 583 3812; x_wconf 82' lang='lat' dir='ltr'><em>cf.</em></span> <span class='ocrx_word' id='word_1_308' title='bbox 602 3777 628 3812; x_wconf 87' lang='lat' dir='ltr'><em>v.</em></span> <span class='ocrx_word' id='word_1_309' title='bbox 651 3753 823 3828; x_wconf 74' lang='grc' dir='ltr'><em>Ἀριστείδης,</em></span> <span class='ocrx_word' id='word_1_310' title='bbox 860 3758 902 3810; x_wconf 79' lang='lat' dir='ltr'><em>De</em></span> <span class='ocrx_word' id='word_1_311' title='bbox 923 3756 1124 3811; x_wconf 74' lang='lat' dir='ltr'><strong>additamentis</strong></span> <span class='ocrx_word' id='word_1_312' title='bbox 1148 3757 1206 3813; x_wconf 84' lang='lat' dir='ltr'><strong>dixi</strong></span> <span class='ocrx_word' id='word_1_313' title='bbox 1223 3759 1293 3813; x_wconf 87' lang='lat' dir='ltr'><strong>Mus.</strong></span> 
     </span>
     <span class='ocr_line' id='line_1_36' title="bbox 140 3833 1293 3911; baseline -0.003 -15"><span class='ocrx_word' id='word_1_314' title='bbox 140 3842 232 3896; x_wconf 81' lang='lat' dir='ltr'>Rhon.</span> <span class='ocrx_word' id='word_1_315' title='bbox 250 3840 268 3894; x_wconf 91' lang='lat' dir='ltr'><em>l.</em></span> <span class='ocrx_word' id='word_1_316' title='bbox 284 3858 307 3893; x_wconf 88' lang='grc' dir='ltr'><em>ο.</em></span> <span class='ocrx_word' id='word_1_317' title='bbox 362 3847 377 3894; x_wconf 85' lang='lat'>9</span> <span class='ocrx_word' id='word_1_318' title='bbox 397 3836 485 3909; x_wconf 86' lang='grc' dir='ltr'><em>ήγουν</em></span> <span class='ocrx_word' id='word_1_319' title='bbox 505 3871 537 3878; x_wconf 85' lang='grc'>-</span> <span class='ocrx_word' id='word_1_320' title='bbox 557 3840 672 3911; x_wconf 87' lang='grc' dir='ltr'><em>ποταμῷ</em></span> <span class='ocrx_word' id='word_1_321' title='bbox 692 3837 837 3894; x_wconf 82' lang='grc' dir='ltr'><em>0111.Ειιιί.</em></span> <span class='ocrx_word' id='word_1_322' title='bbox 899 3844 931 3891; x_wconf 75' lang='lat'><em>12</em></span> <span class='ocrx_word' id='word_1_323' title='bbox 950 3836 999 3891; x_wconf 82' lang='grc' dir='ltr'><em>καὶ</em></span> <span class='ocrx_word' id='word_1_324' title='bbox 1018 3833 1080 3907; x_wconf 89' lang='grc' dir='ltr'><em>μετ’</em></span> <span class='ocrx_word' id='word_1_325' title='bbox 1102 3833 1191 3893; x_wconf 78' lang='grc' dir='ltr'><em>αὐτὸν</em></span> <span class='ocrx_word' id='word_1_326' title='bbox 1206 3846 1293 3893; x_wconf 89' lang='lat' dir='ltr'>om.V</span> 
     </span>
     <span class='ocr_line' id='line_1_37' title="bbox 143 3913 1292 3990; baseline -0.002 -16"><span class='ocrx_word' id='word_1_327' title='bbox 143 3914 348 3990; x_wconf 87' lang='grc' dir='ltr'><em>Δημοκράτους</em></span> <span class='ocrx_word' id='word_1_328' title='bbox 367 3935 420 3974; x_wconf 90' lang='lat' dir='ltr'><em>om.</em></span> <span class='ocrx_word' id='word_1_329' title='bbox 437 3913 550 3986; x_wconf 73' lang='grc' dir='ltr'><em>ἐγένετο</em></span> <span class='ocrx_word' id='word_1_330' title='bbox 565 3923 587 3969; x_wconf 89' lang='lat' dir='ltr'>V</span> <span class='ocrx_word' id='word_1_331' title='bbox 644 3923 676 3970; x_wconf 90' lang='grc'><em>14</em></span> <span class='ocrx_word' id='word_1_332' title='bbox 697 3913 736 3971; x_wconf 83' lang='grc' dir='ltr'><em>ῶν</em></span> <span class='ocrx_word' id='word_1_333' title='bbox 750 3919 816 3988; x_wconf 74' lang='lat' dir='ltr'><em>posi</em></span> <span class='ocrx_word' id='word_1_334' title='bbox 831 3913 870 3972; x_wconf 76' lang='grc' dir='ltr'><em>ἐν.</em></span> <span class='ocrx_word' id='word_1_335' title='bbox 886 3918 950 3973; x_wconf 86' lang='lat' dir='ltr'><strong>add.</strong></span> <span class='ocrx_word' id='word_1_336' title='bbox 966 3919 1050 3972; x_wconf 72' lang='grc' dir='ltr'><em>Πανί</em></span> <span class='ocrx_word' id='word_1_337' title='bbox 1108 3926 1139 3972; x_wconf 82' lang='grc'><em>15</em></span> <span class='ocrx_word' id='word_1_338' title='bbox 1159 3919 1228 3973; x_wconf 83' lang='lat' dir='ltr'>haee</span> <span class='ocrx_word' id='word_1_339' title='bbox 1242 3920 1292 3972; x_wconf 89' lang='lat' dir='ltr'><em>flu-</em></span> 
     </span>
     <span class='ocr_line' id='line_1_38' title="bbox 142 3997 1293 4067; baseline -0.002 -13"><span class='ocrx_word' id='word_1_340' title='bbox 142 4002 245 4054; x_wconf 78' lang='lat' dir='ltr'><strong>xerunt</strong></span> <span class='ocrx_word' id='word_1_341' title='bbox 264 4016 297 4052; x_wconf 85' lang='lat' dir='ltr'><em>ex</em></span> <span class='ocrx_word' id='word_1_342' title='bbox 311 3999 443 4052; x_wconf 79' lang='lat' dir='ltr'><em>Philostr.</em></span> <span class='ocrx_word' id='word_1_343' title='bbox 457 3998 514 4052; x_wconf 81' lang='lat' dir='ltr'><strong>vit.</strong></span> <span class='ocrx_word' id='word_1_344' title='bbox 530 3998 552 4064; x_wconf 92' lang='grc' dir='ltr'><em>Ι,</em></span> <span class='ocrx_word' id='word_1_345' title='bbox 566 4002 599 4050; x_wconf 82' lang='lat'><em>25</em></span> <span class='ocrx_word' id='word_1_346' title='bbox 615 3999 652 4066; x_wconf 89' lang='lat' dir='ltr'><em>(p.</em></span> <span class='ocrx_word' id='word_1_347' title='bbox 667 4004 719 4051; x_wconf 83' lang='lat'><em>233</em></span> <span class='ocrx_word' id='word_1_348' title='bbox 733 3997 838 4067; x_wconf 75' lang='lat' dir='ltr'><strong>Kays.)‚</strong></span> <span class='ocrx_word' id='word_1_349' title='bbox 857 3999 930 4052; x_wconf 86' lang='lat' dir='ltr'><strong>unde</strong></span> <span class='ocrx_word' id='word_1_350' title='bbox 944 3999 1064 4052; x_wconf 78' lang='lat' dir='ltr'><em>fortasse</em></span> <span class='ocrx_word' id='word_1_351' title='bbox 1078 4000 1140 4052; x_wconf 75' lang='lat' dir='ltr'>tota</span> <span class='ocrx_word' id='word_1_352' title='bbox 1152 3999 1213 4052; x_wconf 78' lang='lat' dir='ltr'><strong>vita</strong></span> <span class='ocrx_word' id='word_1_353' title='bbox 1226 4016 1293 4067; x_wconf 87' lang='lat' dir='ltr'>pen-</span> 
     </span>
     <span class='ocr_line' id='line_1_39' title="bbox 143 4074 1291 4148; baseline 0.001 -16"><span class='ocrx_word' id='word_1_354' title='bbox 143 4080 194 4135; x_wconf 78' lang='lat' dir='ltr'><em>det</em></span> <span class='ocrx_word' id='word_1_355' title='bbox 255 4086 288 4133; x_wconf 76' lang='lat'><em>1⁷</em></span> <span class='ocrx_word' id='word_1_356' title='bbox 308 4077 405 4148; x_wconf 77' lang='grc' dir='ltr'><em>ἕτερον</em></span> <span class='ocrx_word' id='word_1_357' title='bbox 419 4096 483 4132; x_wconf 86' lang='lat' dir='ltr'><em>oum</em></span> <span class='ocrx_word' id='word_1_358' title='bbox 497 4076 629 4131; x_wconf 82' lang='lat' dir='ltr'><em>Philoslr.</em></span> <span class='ocrx_word' id='word_1_359' title='bbox 644 4077 698 4131; x_wconf 82' lang='lat' dir='ltr'><em>del.</em></span> <span class='ocrx_word' id='word_1_360' title='bbox 713 4079 880 4148; x_wconf 75' lang='lat' dir='ltr'><em>Bernhardy</em></span> <span class='ocrx_word' id='word_1_361' title='bbox 935 4085 968 4132; x_wconf 91' lang='lat'><em>18</em></span> <span class='ocrx_word' id='word_1_362' title='bbox 988 4074 1091 4147; x_wconf 83' lang='grc' dir='ltr'><em>συχνὸν</em></span> <span class='ocrx_word' id='word_1_363' title='bbox 1108 4078 1291 4132; x_wconf 80' lang='grc' dir='ltr'><em>Ηιιιιείωλκε.</em></span> 
     </span>
    </p>

    <p class='ocr_par' dir='ltr' id='par_1_14' title="bbox 142 4157 1293 4548">
     <span class='ocr_line' id='line_1_40' title="bbox 213 4157 1292 4229; baseline -0.002 -14"><span class='ocrx_word' id='word_1_364' title='bbox 213 4158 300 4222; x_wconf 79' lang='lat' dir='ltr'>DCLI</span> <span class='ocrx_word' id='word_1_365' title='bbox 314 4157 440 4212; x_wconf 81' lang='lat' dir='ltr'><strong>Eundem</strong></span> <span class='ocrx_word' id='word_1_366' title='bbox 450 4158 570 4213; x_wconf 77' lang='lat' dir='ltr'><em>fortasse</em></span> <span class='ocrx_word' id='word_1_367' title='bbox 580 4176 640 4214; x_wconf 81' lang='lat' dir='ltr'><em>osse</em></span> <span class='ocrx_word' id='word_1_368' title='bbox 650 4176 756 4214; x_wconf 81' lang='lat' dir='ltr'>comeo</span> <span class='ocrx_word' id='word_1_369' title='bbox 767 4159 928 4229; x_wconf 82' lang='lat' dir='ltr'>Polemone,</span> <span class='ocrx_word' id='word_1_370' title='bbox 942 4175 1025 4226; x_wconf 89' lang='lat' dir='ltr'>quem</span> <span class='ocrx_word' id='word_1_371' title='bbox 1036 4157 1162 4211; x_wconf 78' lang='lat' dir='ltr'><em>laudavit</em></span> <span class='ocrx_word' id='word_1_372' title='bbox 1171 4157 1292 4213; x_wconf 81' lang='lat' dir='ltr'>Lauren-</span> 
     </span>
     <span class='ocr_line' id='line_1_41' title="bbox 142 4233 1292 4310; baseline -0.003 -17"><span class='ocrx_word' id='word_1_373' title='bbox 142 4240 198 4293; x_wconf 70' lang='lat' dir='ltr'><strong>tius</strong></span> <span class='ocrx_word' id='word_1_374' title='bbox 217 4240 321 4308; x_wconf 85' lang='lat' dir='ltr'><strong>Lydus,</strong></span> <span class='ocrx_word' id='word_1_375' title='bbox 341 4239 375 4292; x_wconf 87' lang='lat' dir='ltr'><em>de</em></span> <span class='ocrx_word' id='word_1_376' title='bbox 390 4239 466 4307; x_wconf 82' lang='lat' dir='ltr'>Mag.</span> <span class='ocrx_word' id='word_1_377' title='bbox 479 4238 578 4305; x_wconf 83' lang='lat' dir='ltr'>IIl,46</span> <span class='ocrx_word' id='word_1_378' title='bbox 600 4237 734 4308; x_wconf 82' lang='grc' dir='ltr'><em>Πολέμων</em></span> <span class='ocrx_word' id='word_1_379' title='bbox 759 4233 791 4291; x_wconf 80' lang='grc' dir='ltr'><em>έν</em></span> <span class='ocrx_word' id='word_1_380' title='bbox 814 4235 927 4310; x_wconf 86' lang='grc' dir='ltr'><em>πέμπτη</em></span> <span class='ocrx_word' id='word_1_381' title='bbox 949 4235 1122 4306; x_wconf 82' lang='grc' dir='ltr'><em>Ἐξηγήσεων</em></span> <span class='ocrx_word' id='word_1_382' title='bbox 1146 4239 1195 4307; x_wconf 80' lang='grc' dir='ltr'><em>τῆς</em></span> <span class='ocrx_word' id='word_1_383' title='bbox 1219 4233 1292 4291; x_wconf 81' lang='grc' dir='ltr'><em>κατὰ</em></span> 
     </span>
     <span class='ocr_line' id='line_1_42' title="bbox 142 4313 1293 4389; baseline -0.003 -15"><span class='ocrx_word' id='word_1_384' title='bbox 142 4313 296 4374; x_wconf 84' lang='grc' dir='ltr'><em>Λουκανόν</em></span> <span class='ocrx_word' id='word_1_385' title='bbox 314 4313 365 4373; x_wconf 89' lang='grc' dir='ltr'><em>τδν</em></span> <span class='ocrx_word' id='word_1_386' title='bbox 379 4313 521 4386; x_wconf 89' lang='grc' dir='ltr'><em>Ῥωμαίων</em></span> <span class='ocrx_word' id='word_1_387' title='bbox 546 4314 689 4387; x_wconf 71' lang='grc' dir='ltr'><em>ἐμφυλίων</em></span> <span class='ocrx_word' id='word_1_388' title='bbox 709 4320 872 4389; x_wconf 79' lang='grc' dir='ltr'><em>συγγραφῆς</em></span> <span class='ocrx_word' id='word_1_389' title='bbox 892 4319 1004 4389; x_wconf 74' lang='lat' dir='ltr'><em>putavit</em></span> <span class='ocrx_word' id='word_1_390' title='bbox 1019 4318 1194 4388; x_wconf 73' lang='lat' dir='ltr'><em>Bernhardy,</em></span> <span class='ocrx_word' id='word_1_391' title='bbox 1218 4317 1293 4386; x_wconf 88' lang='lat' dir='ltr'><em>quod</em></span> 
     </span>
     <span class='ocr_line' id='line_1_43' title="bbox 143 4396 1292 4469; baseline 0 -16"><span class='ocrx_word' id='word_1_392' title='bbox 143 4400 191 4454; x_wconf 87' lang='lat' dir='ltr'><em>vix</em></span> <span class='ocrx_word' id='word_1_393' title='bbox 209 4396 357 4469; x_wconf 86' lang='lat' dir='ltr'>probabile</span> <span class='ocrx_word' id='word_1_394' title='bbox 373 4399 417 4452; x_wconf 75' lang='lat' dir='ltr'><em>est</em></span> <span class='ocrx_word' id='word_1_395' title='bbox 469 4404 503 4453; x_wconf 76' lang='lat'><em>20</em></span> <span class='ocrx_word' id='word_1_396' title='bbox 517 4397 567 4451; x_wconf 80' lang='grc' dir='ltr'><em>καὶ</em></span> <span class='ocrx_word' id='word_1_397' title='bbox 583 4397 689 4453; x_wconf 69' lang='lat' dir='ltr'><em>delevit</em></span> <span class='ocrx_word' id='word_1_398' title='bbox 702 4401 852 4467; x_wconf 80' lang='grc' dir='ltr'><em>Καείαυε,</em></span> <span class='ocrx_word' id='word_1_399' title='bbox 872 4400 921 4453; x_wconf 89' lang='lat' dir='ltr'><em>sed</em></span> <span class='ocrx_word' id='word_1_400' title='bbox 940 4399 974 4453; x_wconf 85' lang='lat' dir='ltr'><em>cf.</em></span> <span class='ocrx_word' id='word_1_401' title='bbox 989 4397 1100 4464; x_wconf 82' lang='lat' dir='ltr'><em>Rohde,</em></span> <span class='ocrx_word' id='word_1_402' title='bbox 1118 4397 1188 4452; x_wconf 85' lang='lat' dir='ltr'><strong>Mus.</strong></span> <span class='ocrx_word' id='word_1_403' title='bbox 1203 4397 1292 4453; x_wconf 79' lang='lat' dir='ltr'><strong>Rhen.</strong></span> 
     </span>
     <span class='ocr_line' id='line_1_44' title="bbox 147 4473 579 4548; baseline -0.009 -16"><span class='ocrx_word' id='word_1_404' title='bbox 147 4479 306 4546; x_wconf 67' lang='lat' dir='ltr'><em>xxxsv12.</em></span> <span class='ocrx_word' id='word_1_405' title='bbox 322 4482 373 4531; x_wconf 79' lang='grc' dir='ltr'><em>σεο</em></span> <span class='ocrx_word' id='word_1_406' title='bbox 409 4473 537 4548; x_wconf 77' lang='grc' dir='ltr'><em>αιμεεῳ</em></span> <span class='ocrx_word' id='word_1_407' title='bbox 556 4483 579 4528; x_wconf 87' lang='lat' dir='ltr'><strong>v</strong></span> 
     </span>
    </p>
   </div>
   <div class='ocr_carea' id='block_1_5' title="bbox 0 0 1446 5054">
    <p class='ocr_par' dir='ltr' id='par_1_15' title="bbox 0 0 1446 5054">
     <span class='ocr_line' id='line_1_45' title="bbox 0 0 1446 5054; baseline 0 0"><span class='ocrx_word' id='word_1_408' title='bbox 0 0 1446 5054; x_wconf 95' lang='lat' dir='ltr'><em> </em></span> 
     </span>
    </p>
   </div>
  </div>
 </body>
</html>
