2910 5056
189 299 230 362 18
652 300 865 356 HESYCHIUS.

276 461 441 528 LXVIII‘.
469 459 633 540 ’Ἀνυτος
653 460 893 548 Ἀνθεμίωνος,
915 460 1092 547 Ἀθηναῖος
1116 462 1239 549 ῥήτωρ.

276 568 442 635 LXVsslb.
486 565 667 654 Ἀπελλῆς
699 568 936 655 Κολοφώνιος,
972 571 1066 637 θέσει
1105 568 1142 637 δὲ
1172 568 1331 656 Ἐφέσιος,

187 672 376 760 ζωγράφος,
407 675 560 762 μαθητὴς
588 680 771 761 Παμφίλου
799 680 860 743 τοῦ
886 673 1141 762 Ἀμφιπολίτου,
1169 675 1331 765 πρότερον

186 779 224 848 δὲ
244 778 390 867 Ἐφόρου
413 785 474 849 τοῦ
495 779 666 868 Ἐφεσίου,
693 779 765 860 υίὸς
789 783 946 867 Πυθέου,
969 780 1116 870 ἀδελφὸς
1139 783 1331 871 Κτησιόχου
1369 813 1371 818 ·

160 888 241 955 ικαὶ
265 885 371 955 αὐτοῦ
396 886 581 976 ζωγράφου.

273 997 387 1062 LXIX.
422 992 561 1063 Ἀπίων
589 992 606 1062 ὁ
636 1000 891 1081 Πλειστονίκου,
920 994 1153 1082 δέπικληθεὶς
1179 997 1332 1086 Μόχθος,

185 1100 379 1190 Αἰγύπτιος,
402 1102 484 1171 κατὰ
509 1103 546 1170 δέ
564 1100 762 1170 Ἑλικώνιον
787 1102 896 1190 Κρής,
919 1103 1154 1191 γραμματικός,
1180 1105 1332 1193 μαθητὴς

182 1206 408 1279 Ἀπολλωνίου
431 1214 492 1278 τοῦ
512 1208 689 1298 Ἀρχιβίου,
710 1207 863 1295 ’ἠκηκόει
888 1209 925 1277 δέ
948 1210 1003 1277 καὶ
1027 1209 1256 1297 Εὐφράνορος
1279 1239 1331 1299 γη-

185 1321 285 1404 ραιοῦ
307 1318 362 1384 καὶ
386 1314 468 1404 ὑπὲρ
494 1315 612 1384 ἑκατὸν
632 1321 686 1402 ἔτη
706 1316 893 1403 γεγονότος,
918 1317 1076 1404 Λιδῦμου
1096 1317 1133 1386 δὲ
1152 1323 1214 1387 τοῦ
1234 1321 1331 1407 μεγά-

146 1442 172 1481 1⁰
187 1431 249 1491 λου
267 1423 420 1511 θρεπτός.
449 1426 621 1491 ἐπαίδευσε
646 1422 683 1490 δὲ
705 1424 757 1490 ἐπὶ
781 1429 937 1512 Τιβερίου
957 1430 1128 1512 Καίσαρος
1146 1426 1203 1493 καὶ
1225 1433 1334 1494 Κλαυ-

186 1533 264 1598 δίου
294 1533 331 1598 ἐν
358 1529 475 1618 Ῥώμη.
530 1522 574 1617 ἦν
603 1530 640 1597 δὲ
671 1530 827 1616 διάδοχος
855 1532 988 1610 Θέωνος
1014 1535 1074 1599 τοῦ
1102 1539 1335 1620 γραμματικοῦ

184 1639 239 1704 καὶ
259 1637 444 1726 σόγχρονος
468 1643 658 1705 Διονυσίου
676 1642 737 1705 τοῦ
751 1635 1043 1722 Ἁλικαρνασσέως.
1081 1643 1229 1726 ἔγραψεν
1249 1644 1334 1709 ίστο·

186 1750 263 1833 ρίαν
287 1742 359 1812 κατ’
386 1749 487 1824 ἔθνος
510 1744 566 1810 καί
590 1742 674 1811 άλλα
698 1743 782 1812 τινά.

273 1853 372 1919 LXX.
411 1851 686 1938 Ἀπολινάριος
714 1849 899 1930 Λαοδικεὺς
926 1855 985 1937 τῆς
1014 1859 1154 1944 Συρίας,
1188 1853 1337 1940 γεγονός

144 1976 169 2015 ¹5
185 1962 221 2027 ἐν
249 1957 387 2047 ἡμέραις
410 1965 652 2028 Κωνσταυτίου
680 1959 735 2026 καὶ
757 1956 945 2026 Ἰουλιανοῦ
976 1965 1035 2029 τοῦ
1060 1960 1260 2047 παραβάτου
1284 1963 1337 2029 καὶ

184 2068 246 2146 ἕως
267 2071 325 2153 τῆς
348 2065 452 2155 ἀρχῆς
470 2071 658 2135 Θεοδοσίου
681 2069 742 2133 τοῦ
766 2065 925 2151 μεγάλου,
949 2066 1136 2155 σόγχρονος
1155 2075 1337 2136 Βασιλείου

183 2175 238 2241 καί
262 2180 454 2261 Γρηγορίου
477 2178 545 2241 τῶν
569 2175 603 2241 ἐκ
624 2178 865 2252 Καππαδοκίας
883 2175 1158 2261 θαυμαζομένων.
1203 2177 1335 2261 ἐγένετο

146 2363 148 2367 Α
184 2280 222 2348 δέ
259 2280 428 2369 γνώριμος
466 2279 663 2368 ἀμφοτέρων
701 2279 756 2346 καὶ
787 2284 956 2365 Λιβανίου
987 2285 1048 2348 τοῦ
1081 2287 1249 2368 σοφιστοῦ
1281 2285 1336 2351 καὶ

184 2385 295 2455 άλλων
322 2393 433 2458 τινῶν.
480 2378 577 2467 οὗτος
606 2383 647 2453 οῦ
675 2386 783 2472 μόνον
810 2386 1036 2474 γραμματικὸς
1063 2387 1119 2454 καὶ
1149 2387 1188 2455 τά
1214 2391 1248 2469 ές
1272 2388 1335 2476 τὴν

143 2512 169 2550 2⁰
183 2499 319 2580 ποίησιν
348 2494 470 2580 δεξιός,
498 2490 582 2560 άλλῦι
610 2497 721 2584 πολλῷ
751 2499 852 2560 πλείω
881 2496 935 2561 καὶ
964 2497 997 2574 ές
1029 2502 1241 2582 φιλοσοφίαν
1267 2496 1338 2583 ἐξή-

183 2621 282 2688 σκητο
307 2603 361 2669 καὶ
383 2602 492 2690 ῥήτωρ
517 2592 559 2687 ἦν
583 2598 785 2688 άμφιδέξιος.
831 2592 928 2682 οὗτος
952 2607 1074 2691 ἔγραψε
1097 2603 1334 2690 καταλογάδην

181 2709 264 2778 κατά
293 2716 500 2797 Πορφυρίουι
523 2712 583 2776 τοῦ
613 2712 799 2792 δυσσεβοῦς
826 2707 949 2795 τόμους
977 2710 1022 2795 λ’,
1049 2711 1105 2777 καὶ
1135 2708 1180 2776 δι’
1207 2707 1333 2803 ηρςόων

253 2932 387 2986 LXV111³
406 2949 460 2986 om.
477 2932 613 2985 Westerm.
639 2929 680 2986 Of.
700 2931 852 2984 Buttmann
872 2930 900 2983 in
920 2930 990 2985 plat.
1006 2932 1078 2987 Men.
1099 2939 1147 3000 263
1167 2934 1257 2989 schol.
1272 2934 1338 2989 Pla·

182 3014 240 3066 ton.
261 3010 299 3063 VI
317 3030 344 3080 p.
360 3018 411 3065 2⁶26
430 3011 539 3065 Herm:
564 3002 645 3071 οὗτος
668 3005 809 3072 ὁἈνυτος
829 3005 1014 3080 Ἀνθεμίωνος
1032 3005 1068 3080 ἦν
1086 3010 1161 3082 υἱός,
1183 3008 1335 3082 Ἀθηναῖος

183 3090 278 3160 γένος,
299 3085 473 3160 Ἀλκιβιάδου
498 3085 627 3158 ἐραστής,
651 3087 837 3151 κλοόσιοςέκ
857 3092 1076 3160 βνρσοδεψικῆς,
1101 3087 1173 3147 ὅθεν
1194 3093 1336 3150 καλσκω-

182 3168 321 3241 πτάμενος
333 3167 391 3225 ῦπο
401 3166 572 3239 Σωκράτους
585 3165 634 3223 διά
649 3170 731 3224 τοῦτο
748 3169 824 3240 [fort.
840 3170 930 3239 suppl.
948 3166 1088 3240 ἕμίσει’
1052 3168 1140 3227 αυτὸν
1156 3173 1219 3244 καλ]
1237 3173 1336 3231 ἔπεισε

183 3253 276 3326 μισθῷ
301 3250 434 3320 Μέλητον
458 3245 592 3322 άσεβείας
616 3269 730 3319 γραφην
754 3250 856 3303 δοῦναι
879 3245 952 3303 κατά
977 3247 1155 3352 Σφκράτορς.
1194 3252 1339 3326 μέμνηται

182 3334 288 3394 Λυσίας
311 3327 342 3386 έν
366 3327 536 3426 Σωκράτους
559 3325 697 3403 άπολογία
721 3329 816 3384 κάλ’·4
788 3333 928 3399 ,ωενοφιῦν
947 3325 1052 3400 δμοίως
1079 3330 1129 3385 καὶ
1150 3328 1340 3433 Ἀριστόξενρς

186 3407 217 3466 έν
240 3413 277 3485 τῷ
296 3407 466 3480 Σωκράτους
492 3412 542 3506 βίω
561 3415 602 3477 ††
622 3407 790 3479 Θεόπομπος
814 3409 846 3465 δε
865 3407 1066 3478 Στρατιώτισιν
1088 3406 1219 3485 Ἐμβάδα
1244 3411 1337 3512 αῦτῦν

183 3490 245 3547 εἷπε
266 3488 342 3561 παρά
358 3493 464 3561 τῆςμ
431 3487 444 3546 ἒ
446 3487 570 3563 μβάδας,
596 3487 658 3544 επεὶ
681 3490 730 3544 καλ
743 3486 890 3560 Ἀρχιππος
911 3486 1034 3560 Ἰχθύσιν
1058 3491 1099 3554 εἰς
1118 3493 1223 3548 σκυτέα
1244 3490 1337 3552 αῦτὸν

184 3570 296 3628 σκόπει.
334 3572 414 3638 Quod
432 3570 548 3625 aliunde
567 3570 678 3625 fluxisse
698 3571 780 3626 docet
799 3573 948 3638 Mettauer,
968 3572 1002 3625 de
1021 3572 1106 3628 schol.
1124 3573 1164 3627 Pl.
1180 3593 1208 3644 p.
1225 3581 1262 3631 59
1282 3594 1337 3646 seq.

252 3649 388 3707 LXVIIIb
408 3668 461 3706 om
477 3652 614 3706 Westerm.
648 3653 729 3707 Corte
748 3669 781 3706 ex
799 3652 870 3706 libro
894 3648 989 3721 περὶ
978 3672 1137 3722 ομωννμων
1156 3655 1337 3726 deprompsit

182 3732 345 3801 Hesychius.
365 3733 405 3787 Of
422 3752 446 3788 v
457 3729 617 3801 Πάμφιλος,
631 3731 816 3828 Πρωτογενης
871 3730 1112 3786 4ΠνθέουΔΒΕ
1127 3736 1247 3790 Πυθίου
1263 3740 1339 3808 ναῖς.

255 3812 343 3866 LXIX
365 3813 442 3867 Eud.
467 3831 494 3881 p.
517 3818 574 3866 107.
613 3813 653 3867 Cf.
678 3831 703 3867 v.
725 3808 861 3880 Ἀντέρως,
899 3813 982 3866 Traet
984 3815 1015 3866 at
1036 3810 1140 3867 Mfiller
1162 3814 1201 3868 ΙΙΙ
1224 3834 1254 3884 p.
1276 3824 1338 3876 506,

95 3903 100 3913 ’
183 3893 318 3948 Consulas
334 3893 419 3947 eiiam
433 3893 528 3959 Lelos,
547 3892 846 3962 Quaesi.ep.p.1seq.-
883 3889 924 3947 od
941 3895 1143 3962 Πλειστονίκης
1157 3895 1214 3963 (vel
1230 3900 1337 3968 -είκης)

182 3991 259 4029 more
273 3973 399 4028 Romano
418 3972 521 4042 Apioni
539 3973 568 4026 in
592 3989 747 4041 cognomen
766 3974 866 4028 abiisse
889 3971 999 4026 monuit
1016 3976 1130 4042 praeder
1153 3972 1226 4028 alios
1247 3977 1339 4033 Ledrs

182 4056 200 4109 l.
220 4073 243 4110 o.
262 4073 290 4123 p.
306 4061 339 4108 23
358 4055 416 4108 noi.
432 4060 448 4108 2
472 4054 517 4123 (of.
543 4053 628 4109 Clem
654 4055 696 4108 Al.
722 4053 822 4109 θίασοι.
847 4054 859 4105 l
882 4070 909 4122 p.
929 4058 997 4119 235;
1021 4051 1093 4107 Gell.
1112 4052 1146 4122 V,
1172 4056 1217 4123 14)

183 4142 216 4190 10
234 4135 362 4204 θρεπτοῦ
381 4134 451 4189 coni.
470 4133 572 4189 Rohde.
612 4133 739 4189 Ceterum
758 4155 784 4189 v.
805 4133 941 4195 Schmidt,
945 4133 1028 4189 0Did.
1047 4150 1075 4202 p
1097 4140 1121 4202 7,
1146 4133 1338 4208 Ψαολιεκωιιλι,

181 4217 276 4287 Symb.
292 4236 320 4286 p.
338 4221 389 4270 140
464 4222 495 4269 11
515 4213 547 4269 δε
568 4232 621 4271 om.
637 4220 660 4267 Δ

255 4296 330 4350 LXX
353 4297 485 4351 Βίστονα-
492 4294 627 4363 Sophron.
646 4313 669 4348 ο
691 4302 750 4350 114
787 4294 827 4348 of
853 4308 924 4361 quae
948 4291 1006 4345 dixi
1025 4291 1095 4346 Μαε.
1118 4293 1207 4349 Rhen
1228 4296 1339 4355 XXXV

181 4395 208 4445 p
223 4383 284 4445 200,
303 4374 465 4444 XXXVIp.
481 4379 533 4428 628
606 4380 638 4428 14
656 4377 828 4435 Λαοδικείας
847 4373 981 4440 Sophron.
1041 4378 1074 4426 15
1093 4376 1298 4434 Κωνσταυτίου
1315 4386 1338 4433 Δ

182 4462 268 4509 vatio.
284 4461 408 4509 Pearsoni
427 4455 641 4509 Κωνσταντίνου
660 4458 732 4525 vulp.
