2880 5054
124 302 135 313 ·
181 279 224 343 34
642 277 857 335 HIISYCHIUS.

269 441 446 508 CXXVIII.
499 436 735 520 Ἀσπάσιος
776 439 896 528 Τύριος
933 442 1108 528 σοφιστής,
1152 441 1325 531 ἱστορικός.

180 553 302 634 ἔγραψε
324 548 399 634 περὶ
415 545 572 635 Ἠπείρου
594 549 648 614 καὶ
669 550 737 615 τιόν
757 549 793 615 ἐν
813 545 896 636 αὐτῇ
916 551 1068 637 ἱστορίαν
1087 547 1274 637 σύμμικτον
1292 553 1325 618 έν

179 660 321 741 βιβλίοις
343 654 386 740 κ’,
410 656 485 742 περὶ
508 655 624 741 τέχνης
648 656 824 743 ῥητορικῆς
845 657 900 722 καὶ
925 653 1017 723 άλλα.

268 763 411 829 ΟΧΧΙΧ.
445 754 752 848 Ἀστράμηυχος,
777 758 814 841 ὃς
837 767 969 847 βιβλίον
994 758 1146 849 ἰατρικὸν
1165 768 1216 844 είς
1238 762 1325 833 όνων

150 873 361 955 οθεραπείαν
383 873 539 954 πεποίηκε
562 867 617 934 καὶ
642 865 912 955 όνειροκριτικόν.

267 977 393 1045 CXXX.
433 972 646 1061 Ἀστυάγης
668 975 901 1062 γραμματικός.
948 977 1067 1063 τέχνην
1085 976 1326 1066 γραμματικήν,

178 1085 253 1173 περὶ
278 1083 474 1167 διαλέκτων,
502 1082 577 1170 περὶ
607 1084 752 1170 μέτρων,
780 1082 925 1162 κανόνας
949 1079 1172 1171 όνοματικοδς
1199 1085 1255 1153 καὶ
1283 1090 1325 1165 εἰς

179 1195 395 1277 Καλλίμαχον
417 1187 478 1257 τὸν
500 1186 641 1275 ποιητὴν
664 1185 853 1276 ὑπόμνημα.

268 1297 429 1366 CXXXI..
446 1295 689 1382 Ἀστυδάμας
712 1293 729 1363 ὁ
752 1295 948 1384 πρεσβύτης,
971 1296 1046 1378 υίός
1062 1303 1250 1385 Μορσίμου
1268 1303 1323 1368 τοῦ

141 1425 167 1464 10
184 1405 398 1488 Φιλοκλέους,
416 1406 581 1491 τραγικῶν
597 1400 807 1490 ἀμφοτέρων,
823 1399 1003 1489 Ἀθηναῖος
1015 1404 1182 1492 τραγικός.
1208 1411 1324 1494 ἔγραψε

180 1513 369 1602 τραγῳδίας
390 1509 456 1598 σμ’,
480 1513 611 1596 ἐνίκησε
635 1511 685 1577 ιε’.
722 1507 972 1598 ἀκροασάμενος
990 1511 1028 1580 δὲ
1047 1504 1090 1598 ἦν
1106 1508 1324 1602 Ἰσοκράτους,

181 1616 237 1684 καὶ
260 1616 382 1704 ἐτράπη
407 1616 460 1685 ἐπὶ
478 1620 678 1707 τραγῳδίαν.

269 1725 431 1793 CXXXII.
456 1721 697 1809 Ἀστυδάμας
716 1719 733 1790 ὁ
753 1724 839 1808 νέος,
857 1724 930 1805 υίὸς
939 1724 1007 1794 ’τοῦ
1021 1728 1200 1816 προτέρων,
1218 1753 1322 1815 τραγι-

177 1830 237 1911 κὸς
254 1831 308 1898 καὶ
328 1828 436 1911 αύτός.
465 1828 615 1918 δράματα
634 1827 738 1897 αὐτοῦ
752 1827 917 1917 Ἡρακλῆς
940 1832 1128 1919 σατυρικός,
1144 1831 1322 1921 Ἐπίγονοι,

141 1959 165 1998 1⁵
180 1947 265 2018 Αίας
288 1936 505 2026 μαινόμενος,
533 1935 818 2024 Βελλεροφόντης,
851 1938 947 2026 Τυρώ
955 1990 965 2025 ,
990 1935 1175 2028 Ἀλκμήνη,
1202 1943 1323 2028 Φοίνιξ,

180 2044 396 2132 Παλαμήδης.

270 2152 449 2220 CXXXIII.
489 2147 640 2238 Αὐγέας
660 2148 839 2237 Ἀθηναίος
861 2151 1015 2239 κωμικός.
1055 2157 1124 2221 τῶν
1149 2154 1324 2243 δραμάτων

180 2253 286 2325 αὐτοῦ
299 2254 487 2345 ’Ἀγροικος,
511 2256 690 2345 Πορφύρα,
715 2257 779 2337 Δὶς
796 2258 1096 2347 κατηγορούμενος.
1128 2265 1199 2330 ἔστι
1219 2262 1257 2330 δὲ
1273 2265 1324 2349 τῆς

179 2365 282 2452 μέσης
299 2368 482 2456 κῳμῳδιάς.

143 2493 169 2533 ιο
273 2471 452 2539 CXXXIV.
490 2468 721 2557 Αὔγουστος
743 2478 920 2559 Καῖσαρ,
952 2469 969 2538 δ
1002 2472 1058 2540 καὶ
1081 2474 1323 2560 Σεβαστὸςκιά

175 2576 387 2664 Ὀκταβιανὸς
421 2577 619 2663 ἐπικληθεὶς.
672 2583 821 2665 [ἔγραψε]
854 2579 928 2665 περὶ
956 2583 1017 2647 τοῦ
1046 2582 1139 2648 ἰδίου
1165 2586 1247 2667 βίου
1274 2580 1324 2650 καί

178 2688 246 2753 τόν
283 2684 436 2769 πράξεων
476 2688 589 2770 βιβλία
614 2681 677 2769 ,ιγ’
711 2685 768 2752 καὶ
803 2688 994 2776 τραγῳδίαν
1027 2687 1175 2767 Αἴαντός
1211 2714 1248 2757 τε
1274 2688 1325 2757 καί

122 2840 128 2850 .
177 2785 356 2877 Ἀχιλλέως.

181 2988 383 3057 μαθηματικοῦ
397 3003 462 3056 pars
475 2985 539 3039 libr.
558 2985 607 3040 καὶ
627 3003 680 3041 om.
695 2992 803 3039 BVEM
817 2988 893 3045 Εαιί.
913 2988 962 3042 καὶ
981 2985 1113 3059 μαθητής
1131 2992 1165 3045 uI
1182 2991 1325 3049 videturl

181 3063 313 3137 μαθητής
326 3066 473 3137 proposuit
482 3065 616 3134 Gaisford
621 3089 628 3134 3
644 3066 773 3135 equidem
788 3086 820 3122 ex
827 3068 952 3123 Violan‘o
962 3065 1023 3131 υίὸς
1035 3070 1084 3124 καί
1094 3067 1229 3140 μαθητής
1237 3070 1325 3143 recepi

249 3145 391 3200 CXXVIII
414 3146 490 3199 Εκιί.
514 3163 540 3214 p.
562 3150 621 3201 113.
659 3145 908 3204 ef.Mflller1.c.
992 3154 1005 3201 1
1032 3145 1168 3219 σοφιστὴς
1192 3147 1325 3221 ίττοραιός

180 3228 255 3283 Eud.
329 3233 345 3281 2
364 3225 429 3295 περὶ
450 3221 543 3294 Τύρου
563 3224 633 3279 coni.
650 3226 765 3294 Μιίίίον,
784 3227 832 3295 qui
852 3227 937 3281 etiam
956 3229 1021 3296 post
1040 3225 1072 3283 ἐν
1091 3224 1164 3300 αύτῇ
1185 3230 1324 3303 interpun·

181 3308 302 3377 gendum
322 3323 382 3362 esse
400 3305 473 3360 vidit

250 3385 362 3442 CXXIX
382 3404 434 3441 om.
456 3385 594 3440 Westerm.
628 3385 668 3441 Cf.
683 3384 790 3441 Fabrie.
810 3387 878 3442 bibl.
893 3386 932 3440 IV
950 3407 976 3457 p.
993 3394 1058 3460 152,
1076 3388 1103 3443 V
1121 3409 1148 3460 p.
1164 3388 1227 3448 206.
1252 3393 1323 3449 Alte«

180 3485 241 3520 rum
260 3466 362 3521 librum
382 3469 478 3521 extare
496 3464 605 3518 monuiI
623 3465 760 3521 Kusterus

253 3545 350 3600 CXXX
368 3547 444 3602 Eud.
463 3565 491 3616 p.
512 3551 562 3600 100
637 3544 772 3618 οτέχνην
791 3568 832 3619 γρ.
853 3544 960 3619 ἔγραψε
979 3549 1055 3604 Eud.
1135 3552 1237 3623 ’ίπερλ
1254 3572 1326 3624 μετρ.

180 3623 306 3690 κανόνας
323 3632 346 3679 Δ

254 3708 364 3762 cxxxl
383 3709 458 3764 Εια,
479 3727 505 3777 p.
524 3713 581 3761 ne.
612 3707 652 3763 ef.
673 3708 783 3764 centon
801 3727 828 3778 p.
844 3715 877 3763 ιο
892 3708 938 3766 Kr.
959 3710 1099 3780 Welcker,
1118 3711 1231 3770 erioch.
1247 3714 1325 3783 eng.

182 3808 208 3858 p.
230 3794 297 3844 1052
314 3806 369 3859 seq.
450 3793 465 3841 9
483 3782 663 3858 Ἀστυδάμας,
680 3782 735 3841 Ἀθ.
755 3809 831 3860 τραγ.
851 3791 928 3846 Εκό.
1009 3797 1041 3845 11
1061 3786 1277 3865 άκροασάμενος
1294 3824 1324 3835 -

181 3870 341 3941 τραγῳδίαν
360 3870 395 3924 ad
414 3870 533 3924 alterum
553 3871 664 3938 po'e'tam
684 3869 794 3924 rettulit
812 3871 980 3942 Bernhardy

254 3948 380 4003 CXXXII
399 3950 475 4004 Εαιί.
495 3966 522 4018 p.
543 3955 602 4003 117.
632 3947 814 4004 Cf.Welcker
832 3969 858 4019 p.
875 3957 943 4006 1060
1018 3958 1050 4007 13
1070 3949 1085 4007 ὁ
1105 3950 1178 4024 νέος,
1198 3950 1326 4026 τραγικός

181 4029 231 4084 καί
249 4026 337 4092 αὐτὸς
355 4030 430 4085 Eud.
507 4035 538 4084 14
554 4024 703 4097 Ἡρακλῆς,
724 4029 882 4101 Σατυρικός
901 4036 959 4086 Ale.
979 4031 1054 4088 Eud.

253 4109 391 4165 CXXXIII
411 4110 487 4164 Εαά.
506 4115 608 4178 μ117,
642 4109 683 4164 cf.
702 4110 832 4166 Meineke
851 4112 862 4164 I
881 4129 908 4181 p.
928 4118 980 4166 416
1037 4119 1070 4170 18
1089 4113 1234 4187 Πυρφόρα
1251 4116 1323 4172 Eud.

180 4187 425 4260 καταγορούμενος
443 4195 466 4241 V

250 4270 389 4325 CXXXIV
413 4287 466 4325 om.
483 4271 619 4325 Westerm.
643 4271 718 4326 Εαά.
738 4291 764 4342 p.
780 4279 839 4327 117,
873 4272 1004 4328 Tractavi
1022 4275 1092 4330 Mus.
1107 4276 1196 4333 Rhen.
1211 4276 1323 4333 XXXVI

180 4369 206 4419 p.
222 4358 282 4405 317.
309 4351 413 4406 Eadem
431 4351 525 4421 glossa
538 4369 563 4406 v.
579 4353 688 4418 Καίσαρ
707 4351 826 4406 iteratur
880 4358 914 4406 20
929 4348 995 4422 Αύγ.
1010 4357 1092 4413 Kato.
1109 4350 1232 4433 Ὀκταβ,
1247 4354 1264 4413 ὁ
1277 4356 1324 4415 καλ

180 4433 246 4502 Σεβ.
262 4426 305 4485 ἔτι.
320 4432 395 4487 Εκά.
468 4439 500 4486 22
516 4432 675 4505 τραγῳδίαν
695 4463 727 4472 ·-
747 4431 904 4502 ουνιέθηκε
924 4434 1057 4504 καὶπερὶ
1075 4432 1322 4513 almvm*
