2910 5056
123 364 132 371 „
145 290 288 346 XXXVIII
573 286 859 344 I'ROLEGOMENA.

146 476 176 536 p.
198 452 289 540 127),
315 475 451 538 quarum
470 454 605 517 alteram
624 453 805 518 uberiorem
824 475 864 517 ex
888 453 960 535 ipsa
980 453 1118 536 epitome
1143 474 1298 517 manasse

148 561 302 644 suspicor,
325 561 415 624 illam
439 560 582 624 additam
607 546 645 624 ex
669 557 785 624 Suidae
814 560 924 644 aliquo
952 560 1045 625 libro.
1089 560 1161 625 Neo
1184 581 1298 624 veren-

147 666 238 752 dum,
265 690 305 732 ne
329 668 417 732 bona
440 667 585 733 Eudocia
608 667 769 731 dormiens
793 670 963 751 utramque
987 689 1026 730 ex
1049 663 1166 730 Suidac
1191 667 1298 732 lexico

147 774 362 859 descripserit.
399 773 488 839 Idem
512 775 652 839 fortasse
676 774 883 838 statuendum
907 774 945 838 de
971 774 1156 856 Tlreopac'dts
1178 777 1299 857 poetae

147 880 223 945 vitis
248 881 291 965 (3.
307 882 371 946 367
392 885 425 945 37
443 904 473 965 p.
488 879 567 968 375)
591 882 626 944 in
647 879 793 946 Violario
818 881 1017 964 extantibuS,
1041 903 1178 964 quarum
1196 903 1297 945 unam

149 1010 187 1052 ex
212 986 328 1053 Suidae
352 988 456 1053 lexico
481 976 676 1072 discriptam
700 1010 770 1053 csse
794 1010 917 1054 consec.

238 1093 299 1159 Sed
327 1095 426 1161 3713111
454 1097 552 1181 33313
583 1096 681 1160 137133
712 1095 806 1160 331113
837 1094 1084 1180 exspatiandum
1116 1098 1174 1159 337.
1222 1094 1298 1160 833-

148 1203 401 1288 3133131333113,
424 1226 571 1269 3331333
595 1203 650 1287 331
670 1203 830 1268 editiones
852 1203 1012 1286 principes
1033 1202 1204 1286 curabant,
1227 1203 1298 1267 nul-

148 1310 216 1375 lum
235 1313 360 1375 textum
379 1310 560 1394 typothetis
580 1309 800 1375 excudendum
819 1309 990 1374 tradidisse
1009 1312 1123 1374 notum
1142 1308 1195 1393 sit,
1219 1309 1300 1393 quin

149 1439 221 1480 eum
244 1418 334 1500 prius
358 1421 590 1502 repurgassent
613 1418 843 1501 auxissentque
868 1404 1108 1503 (371711131333.
1129 1414 1298 1480 1111333111

149 1548 180 1609 p.
199 1521 280 1610 261)
308 1523 393 1608 quod
424 1527 456 1587 et
484 1546 522 1587 ex
548 1522 707 1588 Demetrii
735 1522 973 1608 Chalcondylac
1005 1523 1145 1589 editione
1176 1521 1299 1586 Medio-

148 1630 286 1710 lanensi,
314 1629 392 1694 Aldi
419 1629 559 1714 Veneta,
587 1631 741 1696 Frobenii
769 1630 962 1714 Basileensi‚
993 1629 1083 1695 Porti
1116 1629 1298 1694 Genevensi

150 1741 183 1801 et
211 1758 249 1801 ex
277 1736 424 1801 Pseudo·
429 1735 599 1821 Hesychii,
630 1758 724 1820 quem
752 1758 855 1822 nuper
882 1736 980 1819 edidi,
1010 1739 1152 1808 tractatu
1117 1733 1299 1823 7(33337.

149 1867 179 1928 p.
194 1843 239 1930 V)
264 1847 316 1908 sat
317 1845 345 1908 is
368 1847 495 1928 constat
531 1844 631 1908 etiarn
650 1843 790 1910 Violarii
808 1848 934 1909 textum
954 1843 1096 1926 descript
1098 1866 1167 1927 um,
1190 1864 1297 1908 emen-

150 1951 275 2033 datum,
306 1895 535 2015 additamentis
567 1951 650 2014 mult
650 1950 755 2015 1733113
788 1955 882 2015 ornat
884 1973 938 2013 um
971 1972 1041 2014 esse
1072 1951 1231 2035 33331333,
1263 1954 1301 2014 37

151 2079 224 2121 mox
243 2058 330 2141 typis
346 2057 587 2142 exprimeretur.
621 2057 713 2132 Quod
729 2058 901 2141 quominus
917 2057 1021 2141 fieret,
1040 2055 1180 2121 fortasse
1195 2062 1302 2123 morte

150 2165 238 2228 illius
266 2164 371 2228 critici
398 2163 599 2249 prohibitum
628 2168 690 2248 337,
721 2165 776 2249 331
800 2164 975 2229 editionem
999 2164 1190 2248 vulgaturus
1219 2169 1302 2231 3337.

151 2271 221 2348 Qua
244 2271 346 2354 igitur
368 2274 420 2335 rat
421 2271 493 2335 ione
512 2269 697 2335 Demetrius
717 2269 954 2355 Chalcondylas
978 2293 1070 2336 suam
1094 2267 1211 2334 Suidae
1236 2271 1302 2336 edi·

150 2377 306 2442 tionem
297 2377 480 2462 rnquiuavit
466 2364 591 2442 taddit
578 2383 702 2442 tament
703 2379 730 2442 is
755 2401 793 2442 ex
813 2358 983 2463 ’783311333
1002 2376 1171 2461 Byzanti0,
1194 2377 1301 2444 Paulo

152 2484 328 2569 Aeginetae,
355 2484 605 2568 Astrampsychi
633 2483 856 2549 Onirocriticis
884 2481 937 2570 (de
975 2484 1092 2569 quibus
1126 2483 1303 2566 3733337.

151 2589 309 2678 Kusteri),
333 2590 476 2656 Zonaras
499 2591 602 2656 lexico
622 2589 677 2676 (37.
691 2591 894 2676 Bernhardy,
912 2591 1012 2675 33337.
1030 2614 1060 2675 p.
1075 2587 1164 2677 XCI)
1185 2591 1226 2657 31.
1249 2593 1303 2656 de·

151 2701 282 2783 cerptis‚
307 2721 370 2782 quo
394 2698 480 2763 73373
499 2719 620 2762 novum
640 2697 707 2761 7333
726 2698 853 2763 lexicon
873 2696 1005 2762 Suidani
1030 2697 1132 2762 vicem
1151 2698 1302 2781 reddidit,

152 2807 198 2871 313
217 2809 329 2870 333733
348 2826 475 2888 333333
495 2804 600 2868 editor
614 2802 811 2888 Violarium,
830 2803 997 2888 quodiam
1019 2809 1095 2869 ante
1114 2805 1155 2869 ab
1170 2805 1301 2870 lectori-

151 2913 211 2977 bus
237 2918 269 2977 et
292 2911 434 2975 librariis
454 2911 672 2974 deformatum
690 2910 995 2994 interpolationibus
1016 2915 1098 2995 erat,
1125 2913 1301 2995 permultis

152 3019 381 3084 additamentis
405 3018 532 3081 auxisse
556 3022 589 3081 et
617 3017 886 3101 quemadmodum
910 3015 1147 3104 Ohalcondylas
1172 3018 1300 3085 textum

152 3148 228 3191 mox
251 3147 290 3189 ex
324 3146 381 3189 suo
410 3123 540 3208 ingenio
570 3145 645 3188 mox
674 3145 713 3187 ex
741 3124 815 3189 aliis
843 3126 1081 3208 exemplaribus
1110 3127 1300 3192 emendasse

151 3233 314 3317 putandus
338 3228 429 3315 est.¹)
476 3230 537 3307 Qui
561 3254 633 3296 cum
657 3254 722 3296 non
751 3233 884 3297 verbum
908 3255 980 3298 curn
1004 3218 1103 3299 verbo
1128 3256 1299 3318 compone-

152 3343 215 3424 ret,
239 3339 294 3404 sed
317 3340 394 3404 data
416 3339 585 3403 occasione
604 3339 662 3404 has
686 3340 760 3405 illas
780 3341 872 3404 ultas
885 3363 958 3405 curn
977 3340 1094 3406 Suidae
1113 3345 1205 3406 textu
1224 3365 1299 3407 con-

152 3447 264 3528 ferret,
291 3445 449 3510 nonnulla
471 3445 506 3509 in
529 3445 677 3512 Violario
701 3448 895 3511 remansisse
920 3451 1077 3534 sequitur,
1107 3471 1190 3534 quae
1217 3471 1298 3513 nun·

153 3574 250 3636 quam
282 3552 316 3615 in
350 3550 466 3616 Suidae
499 3552 661 3618 codicibus
695 3554 746 3618 vel
779 3553 974 3619 editionibus
1012 3555 1157 3621 extitisse
1195 3557 1295 3621 mani-

153 3659 273 3724 festum
296 3663 356 3724 est.

175 3895 183 3909 ·
226 3891 251 3956 1)
270 3888 378 3959 033333
396 3888 518 3958 33371313
537 3891 580 3944 337
598 3890 738 3956 conferre,
762 3905 846 3956 quam
865 3891 961 3958 aperte
979 3907 1012 3944 ac
1030 3889 1118 3946 libere
1137 3893 1198 3962 ipse
1217 3892 1296 3946 Chal·

154 3970 287 4039 condylas
306 3969 359 4025 hoc
378 3987 458 4024 suum
477 3970 626 4064 studium
619 3989 648 4024 rn
666 3931 852 4064 3333138333
862 3968 964 4024 8311133
983 3969 1083 4026 iactet:
1103 3968 1137 4026 311
1157 3993 1209 4042 μεν
1228 3969 1296 4026 ἄλλα

153 4051 202 4104 καὶ
221 4045 342 4116 λέξειςὲ
343 4051 406 4113 νίας
425 4053 530 4112 αἵτινες
553 4046 583 4104 τὸ
603 4045 739 4118 παράπαν
759 4044 819 4120 311χ
837 4045 966 4119 ὑπῆρχον
991 4047 1022 4104 ἐν
1041 4053 1153 4127 Σονιδᾳ
1174 4048 1296 4107 ἄλλοθέν

153 4134 246 4184 ποθεν
265 4130 397 4196 συλλέξας
413 4129 605 4199 προσέθηκεν,
626 4121 757 4190 dedant
773 4131 921 4200 ζητοῦντες
935 4127 966 4185 τὸ
982 4129 1192 4202 σημαινόμενον
1207 4129 1295 4187 advos

155 4207 283 4280 ἔχοιεν’
265 4209 446 4281 απονῶτερόν
465 4231 494 4265 τε
514 4206 597 4263 331
583 4205 761 4278 ετοιμότερον
781 4206 919 4264 ἐντεῦθεν
937 4213 1118 4305 πορίζε3θ3ι,
1142 4212 1192 4266 sol
1210 4210 1297 4278 λέξεις

154 4288 187 4345 δέ
210 4313 288 4356 τινας
310 4289 551 4363 ἆνερμηνεύτονς,
576 4287 649 4343 ἔνθα
674 4285 818 4360 ἐνεχώρει,
848 4288 976 4363 επιμελες
1003 4285 1093 4344 331333
1121 4290 1221 4362 γέγονε
1251 4310 1295 4345 σα-

155 4373 285 4440 φηνίσνις.
