2880 5054
180 318 244 382 190
641 316 854 373 HESYOHIUS.

161 477 259 555 ,κατὰ
283 485 482 566 Σεμίραμιν.
520 484 641 566 ἔγραψε
664 481 703 566 τῇ
725 484 895 546 Φοινίκων
919 479 1079 569 διαλέκτῳ
1102 486 1306 568 φυσιολογίαν

178 587 233 654 καλ
256 584 342 653 ἄλλα
364 585 450 654 τινα.

267 711 377 779 DOOI.
406 710 656 790 Σαλούστιος
677 710 845 798 σοφιστής.
874 715 1018 799 ἔγραψεν
1033 716 1081 793 είς
1096 715 1307 801 Δημοσθένην

180 820 235 886 καὶ
253 818 438 904 Ἡρόδοτον
463 815 643 905 ὑπόμνημα
666 818 721 885 καὶ
745 816 837 886 ἄλλα.

151 965 164 1004 s
266 944 393 1011 DOOII.
430 944 713 1022 Σαλούστιος
738 942 1066 1033 Μοψεάτηςίατρός,
1091 945 1144 1014 ἐπὶ
1171 950 1308 1034 Τιβερίου

181 1055 360 1136 Καίσαρος.
408 1054 552 1137 ἔγραψεν
577 1048 716 1135 ίατρικοί.

268 1177 410 1243 DOOIII.
438 1175 549 1243 Σάνὸ
555 1203 608 1242 ων
623 1172 822 1242 Ἑλλανίκου
846 1175 1042 1262 φιλόσοφος.
1081 1181 1226 1265 ἔγραψεν
1242 1174 1308 1245 siae

181 1284 294 1361 θέσεις
317 1288 364 1362 είς
385 1281 520 1372 Ὀρφέα,
543 1288 676 1370 βιβλίον
701 1282 746 1352 α’.

267 1408 409 1476 DOCIV.
453 1412 729 1493 Σαννυρίων
756 1404 936 1493 Ἀθηναῖος
968 1407 1123 1496 κωμικός.
1176 1407 1309 1496 δράματα

141 1539 166 1577 10
181 1511 283 1581 αὐτοῖ
304 1516 372 1581 ἐστι
395 1518 513 1583 ταῦτα·
545 1515 670 1599 Γέλως,
695 1515 830 1600 Δανάη,
852 1513 918 1602 Ἰώ,
947 1520 1140 1603 Ψυχασταί,
1164 1511 1209 1595 ὡς
1227 1511 1309 1600 §lul

182 1646 276 1699 ναιος
300 1623 337 1688 έν
361 1630 652 1707 Δειποσοφιοταῐς.

270 1738 395 1805 DOOV.
423 1735 571 1823 Σαπφὼ
591 1740 749 1822 Σίμωνος
768 1737 818 1823 (ol
835 1735 872 1804 tii
891 1732 1099 1825 Εὐνομίνου,
1119 1741 1155 1807 ολ
1173 1737 1210 1805 δὲ
1224 1734 1309 1824 'Ileos-

180 2017 272 2084 palel‚
295 2015 390 2068 lamen
414 2013 601 2069 Gulschmidio
628 2012 761 2066 suadente
786 2011 904 2081 inserui,
930 2013 1062 2081 quoniam
1087 2014 1118 2069 in
1143 2013 1309 2071 nonnullius

181 2096 272 2163 priore
293 2095 432 2163 discrepat
505 2099 536 2148 17
557 2088 690 2153 ἆϊδοίνιος
707 2097 730 2144 V
749 2107 817 2145 corr.
834 2092 949 2147 Oreum

252 2183 336 2237 DCOI
355 2183 430 2237 Eud.
449 2201 476 2251 p.
493 2187 553 2236 640.
590 2181 722 2236 Eiusdem
740 2180 869 2235 meminit
888 2181 975 2238 sehol.
995 2183 1041 2237 Ar.
1060 2183 1136 2239 Plul.
1156 2190 1208 2239 '125

253 2269 351 2323 DOOII
369 2269 511 2324 Articulus
531 2269 609 2323 deest
622 2275 653 2323 V.
672 2271 748 2325 Eud.
763 2289 790 2340 p.
806 2276 867 2337 641,
886 2287 957 2342 quae
972 2273 1006 2328 de
1022 2273 1134 2344 seriptis
1147 2274 1216 2328 haee
1228 2270 1308 2327 refert:

185 2349 291 2421 ἔγραψε
311 2351 377 2420 περὶ
391 2351 532 2419 πυρετῶν,
551 2349 616 2418 περὶ
630 2351 807 2419 κατασκευῆς
821 2351 871 2405 τοῦ
887 2346 1042 2423 ἀνθρώπου
1058 2354 1109 2409 καλ
1122 2350 1193 2408 ἄλλα
1207 2344 1306 2421 ίατριιιλ

182 2431 304 2501 Scripta,
328 2449 399 2500 quae
423 2430 498 2500 apud
521 2430 635 2484 Suidam
659 2429 762 2500 desini,
786 2430 939 2487 Eudoeiam
963 2433 1077 2488 aliunde
1101 2434 1247 2505 empsisse
1265 2446 1308 2485 non

180 2511 312 2581 probavit
329 2513 427 2582 Daub,
451 2511 486 2564 de
505 2511 576 2565 VIol.
597 2529 623 2580 p.
639 2518 663 2565 ο.
701 2510 741 2565 De
761 2512 899 2567 similibus
922 2513 1012 2568 titulis
1034 2532 1068 2570 ex
1093 2516 1222 2586 catalogo
1238 2514 1307 2569 vus

180 2592 260 2646 nensi
278 2591 451 2660 depromptis
467 2591 500 2645 cf.
514 2590 616 2659 Pulch,
636 2591 670 2644 de
689 2591 762 2648 Viol.
781 2613 808 2663 p.
824 2599 857 2649 89
872 2597 943 2649 ουλε
964 2597 1118 2651 Διονυσίου
1133 2593 1210 2660 τινὸς
1226 2599 1307 2653 satu

184 2672 271 2743 μένου
291 2669 382 2726 ἁπλοῦ
403 2671 467 2741 περὶ
486 2672 662 2740 κατασκευῆς
682 2667 839 2742 ἀνθρώπου
901 2673 903 2677 ’

251 2761 361 2816 DOOIII
403 2756 561 2830 ἵΣκιλμων
589 2777 639 2830 pro
667 2758 788 2817 Σάνδων
812 2763 963 2833 legendum
985 2782 1045 2820 esse
1068 2767 1142 2824 eoni.
1158 2770 1264 2835 Malla,
1281 2765 1306 2819 fr·

180 2843 246 2897 hisi.
266 2843 279 2895 I
297 2861 324 2911 p.
339 2841 437 2909 XXIV,
457 2843 532 2910 quod
551 2842 723 2912 improbavit
744 2843 918 2911 Galechmid,
936 2844 985 2914 qui
1004 2846 1092 2901 eliam
1109 2851 1219 2917 patrem
1230 2846 1307 2903 Hellu-

181 2923 275 2976 nieum
294 2923 412 2976 fortasse
431 2921 549 2975 eundem
570 2939 643 2990 esse,
667 2940 750 2991 quem
770 2919 906 2993 Ὀρφικήν
924 2927 1079 2994 θεολογίαν
1098 2927 1240 2999 seripsIsse
1253 2942 1306 2981 non-

181 3003 252 3056 nulli
270 3002 459 3071 tradiderunt,
477 3003 585 3056 monuit
604 3003 667 3058 ooll.
686 3003 814 3058 Damaso.
830 3006 864 3058 de
882 3003 971 3072 prino.
986 3005 1027 3059 III
1044 3025 1072 3076 p.
1088 3012 1140 3062 283
1156 3006 1293 3076 (ed.Woll]

252 3089 359 3144 DCCIV
379 3090 453 3145 Eud.
473 3110 499 3160 p.
516 3098 575 3147 642.
613 3093 729 3147 Traolat
747 3094 875 3149 Mainake
894 3096 907 3149 Ι
924 3113 951 3165 p.
967 3102 1019 3150 283
1085 3102 1120 3151 10
1135 3090 1195 3152 ’Ioui
1209 3098 1307 3163 ολΣας

183 3169 346 3233 δαναπαλυς
364 3172 427 3227 add.
448 3172 534 3240 an,
558 3190 592 3226 ex
611 3172 711 3240 quibus
728 3168 787 3227 Ἰνιὸ
811 3191 862 3244 per
885 3174 1110 3245 dittographiam
1133 3196 1160 3232 v.
1176 3172 1218 3232 ’Isi
1234 3180 1308 3231 orum

181 3250 408 3324 Σαρδανάπαλος
435 3268 469 3305 ex
498 3253 662 3321 insequente
690 3255 784 3323 glossa
817 3253 903 3323 γέλως
935 3252 1089 3324 οαρδιίνιος
1115 3256 1212 3327 inepte
1237 3252 1308 3323 suspi-

181 3337 261 3389 catus
281 3336 323 3389 esl
337 3334 515 3404 Bernhardy,
535 3335 661 3403 quamvis
681 3335 810 3388 laudatus
829 3335 958 3404 Ραλιλιίο,
978 3335 1012 3389 de
1027 3335 1102 3391 Viol.
1116 3354 1144 3406 p.
1159 3344 1203 3393 88.
1226 3334 1308 3391 Merito

181 3415 371 3484 obloquuntur
386 3415 581 3483 Waehsmulh,
600 3411 694 3482 Symb.
713 3434 740 3484 p.
758 3420 817 3482 152,
835 3415 930 3482 Daub,
949 3414 1018 3471 Mus.
1033 3416 1123 3471 Rhen.
1138 3416 1242 3472 XXXV
1253 3416 1311 3487 ull

181 3497 262 3551 eide
281 3494 353 3550 Viol.
373 3501 433 3565 μθ
515 3489 552 3556 ὡς
571 3527 604 3562 ·.·
624 3494 688 3549 exit.
709 3512 762 3550 om.
777 3497 854 3551 aaa.
895 3490 1311 3569 ef.Ashen.v11p.ass;xll

181 3594 211 3644 p.
226 3582 276 3630 551
352 3582 384 3629 11
405 3571 436 3629 έν
456 3579 547 3628 omv

253 3665 349 3719 DCCV
373 3665 448 3719 Euo.
469 3683 495 3733 p.
512 3669 572 3720 642,
610 3664 650 3719 cf.
670 3665 756 3721 sohel.
775 3665 885 3720 Platon.
905 3664 944 3718 VI
962 3682 989 3734 p.
1005 3669 1057 3719 266
1076 3664 1206 3735 Σαπφώ,
1228 3656 1311 3733 laessi
1358 3722 1360 3727 ,

181 3742 328 3814 ποιήτρια,
353 3741 639 3815 Σκαμανδρωνύμου,
658 3749 840 3815 Μιτυληναία
859 3789 865 3801 .
881 3789 910 3802 ..
931 3761 1001 3814 quae
1020 3746 1113 3815 ‚verba
1134 3763 1204 3801 num
1222 3762 1256 3801 ex
1270 3742 1314 3797 Ηο·

182 3826 277 3896 syohio
297 3825 428 3880 fluxerint
442 3825 543 3878 iniuria
557 3825 698 3882 dubitavit
713 3829 860 3894 Μολίονα,
876 3826 910 3880 de
925 3824 1011 3881 schol.
1026 3825 1099 3881 Plus.
1114 3844 1142 3896 p.
1153 3833 1197 3883 59.
1213 3822 1315 3881 mucul

182 3906 293 3963 Clinion
308 3908 320 3959 I
335 3925 360 3975 p.
377 3912 428 3960 216
475 3912 491 3958 2
507 3907 540 3960 de
555 3907 640 3960 variis
654 3908 742 3976 peinis
757 3907 916 3962 nominibus
931 3907 965 3960 of.
977 3905 1113 3974 Sohoene,
1128 3907 1224 3977 Symb.
1236 3908 1312 3975 pul

181 3991 210 4043 et
229 3993 294 4054 759,
314 3987 362 4056 qui
382 3983 514 4056 ἐγαμήθη
536 4019 568 4026 -
585 3983 711 4042 Εὕνείκα
731 3992 799 4044 Σαλ.
820 3988 856 4042 ad
875 3985 998 4040 mediam
1017 3986 1129 4040 rettulit
1147 3986 1314 4049 comosum

181 4069 237 4122 alia
265 4068 301 4131 ad
330 4067 575 4122 Chamaeleontem
599 4068 664 4138 περὶ
686 4069 827 4137 Σαπφοῦς
852 4068 964 4136 (Athen.
988 4065 1054 4120 VIII
1077 4084 1104 4135 p.
1125 4070 1191 4137 889)
1212 4067 1268 4122 sive
1287 4060 1316 4119 sd

181 4147 300 4204 Calliam
324 4146 373 4203 τὸν
397 4143 510 4215 Σαπφὼ
534 4146 583 4201 καὶ
604 4144 726 4202 Ἀλκαῖον
756 4145 965 4218 ἐξηγησάμενον
989 4144 1103 4213 (Strabo
1126 4146 1193 4201 XIII
1209 4162 1238 4217 p.
1255 4144 1315 4211 818)-

182 4229 221 4282 Of.
242 4229 335 4296 Daub,
365 4229 399 4283 de
426 4227 503 4282 said.
529 4246 557 4295 p.
577 4233 637 4281 428.
667 4225 810 4299 Εὐνομίαν
832 4228 999 4298 Bernhardy
1026 4221 1164 4297 Εὗμήνου
1186 4232 1236 4281 BV
1258 4226 1316 4281 Por.

182 4310 296 4363 Κναγίαν
315 4304 447 4378 Εὐμήλου
466 4308 588 4376 Τοκμλιιε
608 4304 768 4378 Εὐνομίνου
786 4311 859 4378 aula.
913 4303 1069 4376 Ἠερηγιλου
1083 4310 1107 4358 Δ
1124 4302 1276 4377 Ἠιριγιλον,
1290 4304 1318 4357 nl

182 4389 303 4459 videlur,
323 4391 394 4459 υαλρ.
415 4384 559 4459 Εὐριγύου
574 4388 650 4441 Eud.
669 4384 811 4459 Ἑρνγίου,
832 4389 907 4458 quod
926 4391 956 4443 ol
972 4388 1003 4442 in
1019 4382 1155 4458 Ἐκρότον
1173 4388 1262 4443 lasere
1276 4382 1317 4453 ἀλ,

183 4470 404 4525 Ηιυιοίινλιαοιαο
421 4465 551 4539 Ἐριγύον
571 4469 675 4524 Saluiae
