2910 5056
568 299 782 359 HESYCHIUS.
1205 302 1249 367 45

102 461 328 558 κάλ”Ατταλον
347 461 409 550 μὲν
426 460 487 532 τὸν
505 465 642 550 βασιλέα
661 462 844 553 Περγάμου
863 463 919 533 διά
938 469 1036 534 τούτο
1058 468 1145 551 ἔχειν
1160 461 1248 557 αύτῷ

103 571 381 657 ἐπιβουλεύοντα,
409 575 455 651 είς
486 569 522 637 δὲ
549 569 611 658 τήν
639 577 780 639 Πυθίαν
811 571 955 640 ἐλθόντα
983 570 1061 638 ποτὲ
1089 572 1250 640 σκώπτειν

102 682 151 758 είς
173 676 210 746 τὸ
231 692 405 765 μαντείου,
428 678 484 745 καλ
503 679 703 764 ἐπιγελάντα
722 681 873 767 ἐρέσθαι,
896 684 926 746 εί
947 676 1007 747 τὸν
1031 681 1132 744 λ’ππου
1156 674 1250 765 εὑρή-

103 805 164 854 σει.
218 789 410 873 χρησθῆναι
444 783 482 851 δέ
519 781 608 876 αύτῷ
642 781 798 873 εὑρήσειν
833 786 964 872 ταχέως.
1019 782 1088 852 εἶτα
1121 786 1250 852 ἐκείνου

32 939 43 946 -
103 895 331 978 διαθρυλήσαι
353 895 469 976 τοῦτο,
493 888 544 959 ὅτι
567 890 651 978 μηδὲ
673 883 716 978 ήυ
741 890 830 984 αύτῷ
853 895 962 978 ἵππος,
985 890 1070 978 μηδὲ
1093 888 1276 959 ἀπείλησε

103 996 367 1088 ἀναχωρήσαντα
392 997 428 1065 δέ
448 996 865 1085 συλλαβόμενος’Ἁτταλος
883 1000 1014 1079 ἐπέταξε
1032 1024 1251 1086 κατακρημνι-

104 1111 245 1193 σθῆναι·
264 1107 302 1174 ἐν
321 1097 348 1196 ᾧ
368 1105 405 1174 δὲ
422 1105 512 1196 τόπῳ
531 1109 630 1173 τοῦτο
650 1107 792 1192 ἐγένετο,
812 1109 958 1173 ἐκαλεῖτο
969 1103 1084 1184 Ἵππος
1103 1103 1121 1172 δ
1140 1106 1251 1192 τόπος,

101 1214 160 1280 καὶ
188 1217 274 1298 έγνω
303 1211 386 1301 πρὸς
413 1216 457 1303 τῳ
485 1209 623 1301 θανάτῳ
651 1204 889 1298 μὴ’ἐψεύσθαι
914 1210 952 1279 τὸ
976 1211 1101 1299 λόγιον.
1146 1210 1251 1292 οὕτως

104 1313 169 1388 οὖν
185 1322 371 1407 ’ἐνυβρίσας
392 1323 501 1398 κακῶς
524 1317 696 1402 ἀπώλετο]

194 1428 383 1496 CLXXVII.
420 1432 644 1514 Δείναρχος
663 1431 850 1515 Κορίνθιος
874 1428 993 1516 ῥήτωρ,
1012 1424 1070 1507 ,εἷς’
1085 1432 1152 1496 τῶν
1171 1427 1251 1515 μετά
1267 1453 1292 1492 ιο

105 1535 354 1620 Δημοσθένους
373 1535 598 1621 ἐγκριθέντων
623 1532 711 1620 (υίὸς
733 1539 823 1614 τίνος
847 1535 937 1602 ἐστὶν
965 1533 1027 1622 οὐχ
1057 1535 1253 1625 ἱστόρηται),

102 1640 235 1728 γράψας
266 1639 360 1710 κατδι
381 1643 442 1730 μέν
474 1669 568 1721 τινας
599 1640 721 1728 λόγους
748 1643 827 1722 τοὺς
858 1641 984 1723 πάντας
1011 1643 1074 1729 ρξ’,
1106 1642 1187 1711 κατά
1216 1645 1253 1711 δὲ

100 1748 140 1817 τὸ
158 1747 384 1837 ἀληθέστερον
399 1748 525 1836 μόνους
542 1748 583 1830 ξ’,
602 1748 680 1828 τούς
698 1748 824 1828 πάντας
842 1749 1046 1836 δικανικούς,
1070 1742 1119 1818 οἷν
1138 1755 1173 1818 οί
1191 1754 1253 1838 μέν

103 1861 170 1924 είσι
194 1855 361 1943 δημόσιοι,
388 1859 423 1924 oi
445 1855 482 1923 δὲ
501 1860 672 1925 ίδιωτικοί.
712 1855 912 1942 [ἐτελεύτησε
933 1857 969 1924 δὲ
988 1849 1086 1936 οὗτος
1104 1860 1252 1945 ἐπιμελη·

102 1961 164 2049 τής
177 1963 445 2050 Πελοποννήσου
463 1960 626 2042 καταστάς
644 1959 709 2030 ὑπὸ
730 1961 957 2051 Ἀντιπάτρου,
981 1963 1060 2050 μετά
1084 1963 1121 2032 τό
1144 1973 1292 2034 astru-1⁵

102 2073 203 2155 τῆσαι
223 2067 440 2157 Ἀντίπατρον
464 2072 763 2158 Πολυσπέρχοντος
786 2068 875 2161 αύτῳ
900 2072 1222 2158 ἐπιβουλεύσαντος]

195 2179 400 2246 CLXXVIII.
433 2177 682 2265 Δεινόλοχος
701 2166 935 2264 Συρακούσιος
951 2176 971 2265 ή
988 2178 1253 2266 Ἀκραγαντῖνος,

102 2283 258 2371 κωμικός.
304 2276 347 2371 ήν
375 2285 427 2353 ἐπὶ
454 2289 513 2371 τής
541 2285 594 2370 ογ’
619 2283 840 2372 ὀλυμπιάδος,
867 2285 941 2366 υίὸς
963 2285 1180 2375 Ἐπιχάρμου,
1209 2285 1253 2368 ὦς

104 2393 146 2459 δέ
165 2417 269 2479 τινες,
293 2393 452 2479 μαθητής.
499 2393 628 2473 ἐδίδαξε
653 2391 804 2478 δράματα
828 2391 870 2459 ιδ’
895 2398 1027 2481 Δωρίδι
1051 2396 1218 2486 διαλέκτῳ.

196 2499 365 2566 CLXXIX.
399 2496 650 2586 Δεξικράτης.
679 2489 972 2584 οὗτοςἉθηναίος
991 2501 1144 2586 κωμικός.
1173 2500 1292 2588 δρά-νο

103 2632 192 2694 ματα
207 2602 313 2674 αύτού
327 2611 413 2674 εἰσιν
423 2603 497 2692 Ὑφ’
516 2605 642 2673 ἑαυτῶν
657 2605 881 2693 πλανώμενοι,
898 2604 942 2686 ὡς
954 2604 1134 2694 ’Δθήναιός
1148 2627 1251 2695 φησιν

105 2716 143 2781 ἐν
167 2713 202 2800 γ’
227 2717 528 2801 Δειπνοσοφιστῶν
543 2767 551 2783 .
566 2768 572 2781 .
589 2767 596 2782 .

195 2821 348 2890 CLXXX.
398 2822 629 2901 Δέξιππος
658 2823 856 2906 [Δεξίππου]
886 2818 904 2889 ὁ
930 2819 1098 2909 Ἐρέννιος
1126 2849 1250 2910 χρημα·

102 2933 209 3014 τίσας,
231 2925 410 3014 Ἀθηναῖος
433 2927 554 3016 ῥήτωρ,
579 2926 726 3014 γεγονὼς
750 2927 801 2995 ἐπὶ
824 2934 1034 3013 Βαλεριανού
1057 2931 1112 2998 καὶ
1132 2930 1252 3017 Γαλιή-

177 3105 203 3154 4.
224 3095 285 3153 εἶτα
302 3098 333 3152 in
351 3103 374 3150 Δ
391 3099 450 3152 fere
468 3098 593 3152 deletum

178 3177 326 3236 CLXXVII
345 3179 421 3234 Eue.
440 3197 467 3248 p.
488 3183 538 3231 225
614 3184 646 3232 10
660 3176 706 3240 ,εἷς
724 3177 781 3231 τῶν
800 3177 898 3246 scripsi
917 3195 979 3232 cum
998 3179 1074 3234 Εκδ.
1093 3180 1148 3233 τῶν
1164 3210 1195 3218 -
1213 3177 1253 3240 εἷς

102 3259 186 3315 Saia.
262 3266 293 3312 11
313 3255 376 3320 υἶός
390 3289 422 3298 -
443 3257 508 3312 exit.
529 3275 582 3313 om.
602 3257 679 3312 Eae.
697 3253 759 3320 υίὸς
778 3289 811 3297 -
830 3254 939 3319 πάντας
962 3274 1016 3312 om.
1036 3259 1111 3314 Eue.
1134 3276 1252 3328 pergens

101 3338 249 3409 συνέθηκε
268 3334 369 3408 λόγους
387 3341 478 3393 δικαν.
575 3343 608 3391 14
631 3335 792 3406 ἐτελεύτησε
813 3369 845 3377 -
866 3336 931 3391 exit.
951 3355 1005 3392 om.
1024 3339 1109 3407 Eud,
1128 3339 1164 3392 ad
1182 3339 1251 3393 alte-

100 3440 167 3477 rum
186 3419 357 3475 Dinarchum
378 3422 505 3489 spectare
524 3418 667 3488 perspexit
689 3419 826 3474 Weslerm.
847 3421 909 3473 coll.
928 3417 1000 3472 Plut.
1020 3418 1104 3473 Phoc.
1124 3425 1158 3472 33

177 3501 341 3558 CLXXVIII
363 3500 438 3554 Eae.
462 3518 489 3568 p.
515 3505 575 3567 227,
603 3516 674 3567 quae
701 3517 754 3555 om.
780 3490 815 3568 ήν
842 3530 873 3538 -
900 3495 1037 3570 μαθητής.
1081 3497 1121 3553 Cf.
1143 3498 1251 3554 Aeliae.

91 3584 179 3640 'Hist
189 3583 223 3637 A.
233 3581 280 3650 vl,
292 3587 324 3636 51
341 3575 509 3648 Δεινόλοχος
523 3575 538 3633 o’
553 3574 762 3649 ἀνταγωνιστής
776 3575 947 3650 Ἐπιχάρμου
964 3580 992 3634 et
1002 3577 1114 3634 Clinton
1124 3598 1149 3649 p.
1161 3586 1195 3633 29
1205 3578 1252 3636 Kr.

179 3662 317 3718 CLXXIX
336 3662 376 3718 Cf.
393 3661 521 3715 Meineke
535 3660 548 3713 I
561 3679 588 3730 p.
604 3667 669 3726 4923
686 3660 720 3713 de
739 3660 799 3714 vita
812 3660 884 3714 dixit
896 3659 990 3729 Daub,
1008 3660 1043 3714 de
1059 3660 1134 3716 Suid.
1150 3680 1176 3730 p.
1192 3666 1252 3730 484,

103 3744 186 3799 Stud.
204 3762 233 3814 p.
253 3749 287 3798 36
297 3760 353 3812 seq.
434 3747 467 3795 20
486 3741 581 3811 δρᾶμα
601 3735 689 3795 αὐτοῦ
709 3737 783 3795 ἐστιν
803 3757 871 3795 corr.
890 3742 1027 3796 Κιιείιναε
1046 3758 1099 3795 rec.
1116 3741 1252 3795 Westerm.

102 3825 274 3880 adversatus
298 3825 341 3878 est
361 3822 486 3876 Meiaeke
502 3822 521 3877 l.
541 3838 564 3875 c.
584 3820 646 3877 coll.
667 3819 741 3874 Suid.
761 3840 787 3876 v.
809 3824 968 3889 Φιλιστίων,
991 3823 1100 3877 servavi
1118 3822 1253 3876 librorum

101 3906 271 3972 lectionem,
293 3921 356 3958 cum
373 3902 509 3958 nonnulla
527 3902 685 3955 dramatum
702 3901 817 3955 nomina
839 3919 858 3954 s.
878 3902 924 3956 fin.
945 3903 1078 3957 excidisse
1097 3901 1251 3969 videantur,

103 3986 281 4057 quapropter
298 3983 415 4038 lacunae
434 3983 544 4053 signum
563 3980 655 4050 posui3
675 3981 710 4036 de
729 3982 827 4036 eodem
847 3983 880 4037 cf.
900 3983 1000 4037 Athen.
1020 3983 1059 4036 III
1078 4001 1104 4051 p.
1126 3988 1177 4035 124

178 4063 304 4120 CLXXX
321 4063 397 4123 Εκιλ,
416 4081 443 4132 p.
459 4067 519 4117 225.
544 4059 777 4131 Of.Eunap.·V1t.
798 4063 882 4132 Soph.
903 4064 960 4132 lp.
983 4069 1014 4117 11
1029 4063 1114 4118 Boiss.
1138 4064 1253 4118 Tractat

91 4145 235 4202 ‚NIebuhr
256 4161 283 4212 p.
303 4141 406 4210 XXIV,
431 4142 576 4207 Δεξίππου
599 4142 723 4211 glossam
746 4144 960 4213 grammaticam
984 4160 1042 4199 esse
1065 4145 1157 4212 patet,
1181 4160 1252 4210 quae

103 4225 271 4297 genetivum
283 4223 398 4291 iudIcet‚
412 4239 475 4276 cum
489 4223 570 4292 pater
583 4222 643 4276 eius
652 4222 828 4279 Ptolemaeus
842 4224 973 4278 laudetur
987 4224 1056 4278 Insa.
1067 4225 1099 4277 A.
1110 4222 1149 4275 llI
1162 4240 1189 4277 n.
1202 4228 1252 4277 716

105 4304 206 4378 (etiam
225 4304 264 4358 llI
285 4322 313 4360 n.
334 4305 404 4372 713).
442 4301 482 4357 CI.
505 4322 532 4358 v.
550 4299 821 4374 ”Ιστρος,,Νύμφις,
842 4299 960 4372 Ἀραρώς
984 4303 1014 4356 in
1032 4302 1102 4357 vett.
1121 4301 1182 4356 edd.
1206 4304 1253 4373 al.‚

105 4385 213 4440 muller
225 4382 266 4438 III
274 4402 301 4454 p.
313 4389 366 4439 667
416 4389 450 4437 23
465 4388 636 4454 χρηματίσας
650 4401 703 4439 om.
718 4385 794 4439 Εαά.
849 4389 884 4438 24
903 4381 993 4453 βήτωρ
1012 4381 1061 4435 καὶ
1076 4379 1254 4452 συνγραφεύς

104 4465 153 4522 tit.
173 4464 308 4536 eadum,
326 4465 515 4535 Βαλλεριανού
534 4470 613 4518 ΒΕΜ
631 4470 689 4522 Ale.
709 4466 785 4520 Eud.
860 4463 1016 4534 Γαλλιηνοῦ
1035 4468 1058 4515 Δ
