2910 5056
612 303 826 358 Haeremus.
1227 303 1291 371 203

146 461 295 552 ξάνδρον
323 465 534 550 ἐφημερίδων
565 465 620 531 καὶ
655 468 713 551 τῆς
740 461 960 551 Ἀλεξάνδρου
993 467 1144 550 τελευτῆς
1176 470 1289 550 βιβλία

147 572 260 656 πέντε,
285 570 426 661 Ιέγραψε
449 572 524 659 περὶ
547 574 704 658 ποταμῶν
729 571 783 639 καὶ
806 574 942 658 κρηνῶν
964 571 1019 638 καὶ
1043 571 1203 662 λιμνῶνΙ.

215 678 391 746 »ΒΟΟΙιΙλ
423 676 612 761 Στράτων
635 676 778 765 κωμικὸς
800 682 858 765 τῆς
881 679 982 765 μέσης
1000 682 1184 769 κωμωδίας.
1221 683 1290 747 τῶν

148 781 329 869 δραμάτων
352 782 457 852 αὐτοῦ
480 776 522 870 ῆν
550 787 676 866 Φοίνιξ.

236 890 409 958 DOGLIH.
447 890 636 978 Στράτων
660 891 890 979 Λαμψακηνῆς
913 891 1115 979 φιλόσοφος,
1144 893 1320 983 (troppo-⁵

147 1017 230 1065 στου
248 996 416 1084 γνώριμος
433 989 488 1065 καὶ
509 999 675 1085 διάδοχος,
698 998 773 1078 υίδς
792 999 829 1066 δὲ
844 997 1057 1088 Ἀρκεσιλάου
1076 997 1096 1088 ῆ
1114 999 1294 1088 Ἀρκεσίου,

148 1101 186 1184 ὃς
219 1104 384 1191 έπεκλῆθη
414 1104 556 1191 φυσικὸς
584 1103 640 1173 διά
668 1103 704 1173 τδ
734 1103 813 1191 παρ’
844 1103 1025 1174 ὁντιναοῦν
1054 1109 1295 1194 ἐπιμεληθῆναι

147 1213 206 1297 τῆς
234 1215 378 1298 φυσικῆς
404 1217 559 1298 θεωρίας.
606 1212 835 1299 [καθηγήσατο
864 1213 901 1280 δέ
922 1214 977 1281 καλ
1001 1220 1212 1300 Πτολεμαίου
1235 1217 1295 1281 τοῦ

150 1319 389 1403 ἐπικληθέντος
416 1319 643 1407 Φιλαδέλφου]
668 1320 722 1388 καλ
747 1324 870 1407 ἔγραψε
893 1326 1006 1406 βιβλία
1029 1319 1144 1389 πολλά.

239 1425 407 1493 DOOLIV.
436 1428 633 1506 Συνέσιος
646 1425 888 1507 Πενταπόλεως
909 1432 968 1514 τῆς
986 1430 1023 1495 έν
1043 1425 1153 1515 Λιβύη
1172 1432 1292 1514 Θηβαΐ-
1310 1446 1336 1486 10

150 1535 221 1616 δος,
245 1531 441 1619 φιλόσοφος,
461 1535 637 1613 ἐπίσκοπος
655 1538 896 1619 Πτολεμαίδος,
915 1537 1088 1621 ίερατικῶν
1106 1532 1295 1621 γενόμενος.
1333 1617 1340 1630 .

149 1644 273 1726 ἔγραψε
305 1645 418 1725 βιβλία
454 1638 602 1726 διάφορα
635 1640 844 1727 γραμματικά
876 1667 910 1709 τε
940 1641 995 1709 καὶ
1024 1640 1209 1727 φιλόσοφα,
1241 1640 1296 1707 καλ

149 1745 272 1832 λόγους
294 1744 503 1832 βασιλικούς,
531 1745 781 1834 πανηγυρικοὺς
803 1744 824 1833 ῆ
849 1750 1101 1832 ἐπιδεικτικούς,
1130 1745 1296 1833 ἐγκώμιόν

148 1880 183 1922 τε
207 1855 392 1940 φαλάκρας,
414 1854 470 1922 καὶ
493 1853 568 1940 περὶ
589 1860 749 1940 προνοίας
768 1852 872 1941 λόγον
890 1853 1095 1941 θαυμάσιον,
1114 1851 1296 1942 Ἑλληνικῷ

149 1964 343 2048 χαρακτῆρι·
367 1960 422 2026 καὶ
441 1957 499 2039 τάς
517 1961 772 2048 θανμαζομένας
791 1961 964 2040 ἐπιστολάς
983 1961 1038 2028 καὶ
1057 1959 1141 2028 ἄλλα
1160 1967 1295 2027 πλείστα
1311 1978 1336 2017 1⁵

150 2067 206 2134 καὶ
231 2065 380 2153 διάφορα
403 2072 515 2153 βιβλία
541 2069 706 2149 συνέταξε.

240 2174 394 2241 DOOLV.
440 2171 645 2260 Συριανδς
674 2171 908 2260 Ἀλεξανδρεὺς
940 2173 1143 2261 φιλόσοφος,
1176 2171 1297 2261 ῆγησά-

150 2309 253 2370 μενος
279 2285 337 2368 τῆς
363 2283 400 2348 έν
421 2279 579 2368 Ἀθήναις
602 2285 722 2368 σχολῆς
744 2307 779 2348 τε
802 2282 857 2348 καὶ
881 2285 1069 2368 διατριβῆς,
1098 2280 1298 2359 διδάσκαλος

151 2388 331 2476 γενόμενος
350 2386 519 2474 Πρόκλου,
545 2384 583 2466 ὃς
603 2388 656 2454 καὶ
678 2386 834 2474 διάδοχος
853 2385 957 2455 αὐτοῦ
977 2388 1115 2473 ἐγένετο.
1152 2392 1297 2476 ἔγραψεν

152 2496 217 2588 Ιείς
231 2493 380 2583 Ὅμηρον
402 2493 485 2562 ὅλον
503 2491 683 2581 ὑπόμνημα
703 2497 740 2561 έν
758 2500 901 2580 βιβλίοις
920 2493 958 2580 ζ’,
982 2499 1029 2574 είς
1046 2493 1109 2581 τῆν
1127 2499 1297 2563 πολιτείαν
1312 2513 1338 2551 2⁰

153 2602 336 2681 Πλάτωνος
362 2608 475 2689 βιβλία
505 2601 551 2685 δ’,
579 2606 626 2680 είς
653 2602 716 2688 τῆν
736 2599 880 2689 Ὀρφέως
907 2607 1089 2687 θεολογίαν
1114 2607 1228 2688 βιβλία
1251 2601 1297 2687 β’,

151 2783 178 2834 p.
196 2772 245 2819 121
262 2765 443 2830 ο1125ωο1.;
463 2763 556 2830 Daph,
578 2761 655 2816 stud.
672 2780 698 2830 p.
716 2767 747 2814 18
805 2768 835 2816 17
857 2759 964 2832 ἔγραφε
979 2763 1025 2817 hic
1045 2763 1106 2817 add.
1122 2763 1206 2829 an,
1225 2762 1299 2817 infra

152 2846 217 2900 ante
237 2843 302 2914 περὶ
320 2848 444 2912 τιτι,
498 2849 511 2896 1
537 2859 608 2911 quae
632 2840 731 2910 scripsi
755 2844 900 2897 monuerat
916 2843 1095 2914 Βακλιιαιλγς
1120 2843 1169 2896 καλ
1191 2841 1257 2911 περὶ
1275 2862 1298 2896 τ.

150 2920 198 2980 'Aa
218 2928 272 2978 τελ.
293 2941 313 2979 s.
335 2924 381 2980 fin.
401 2922 533 2978 exhibent
555 2939 650 2976 omnes
669 2921 746 2988 libri;
769 2924 861 2995 βιβλία
879 2919 964 2977 πέντε
984 2941 1005 2977 s.
1024 2923 1070 2976 fin.
1090 2928 1113 2975 Δ
1137 2922 1195 2991 (qui
1214 2922 1299 2977 etiam

152 3003 201 3058 καλ
220 3005 270 3073 τῆς
286 2999 334 3059 ’At
353 3007 431 3073 τελ.),
451 3003 525 3072 quod
544 3004 609 3072 poet
629 2997 712 3071 ἑφημ.
728 3002 790 3056 edd.
806 3005 873 3058 vett.
893 3006 922 3058 et
940 3004 1011 3073 ναλγ.
1027 3003 1140 3057 habent.
1170 3001 1299 3057 Ceterum

153 3086 203 3138 aut
222 3083 391 3138 Strattidem·
407 3085 436 3138 et
453 3081 633 3152 Ephipphnm
649 3081 812 3149 Olynthium
831 3083 960 3138 confusos
975 3100 1047 3150 esse,
1069 3085 1119 3136 aut
1136 3081 1211 3136 idem
1230 3099 1300 3150 opus

153 3181 218 3219 mox
240 3164 289 3218 uni
311 3180 375 3218 mox
398 3162 481 3218 alteri
499 3165 596 3218 datum
619 3163 764 3231 probabile
786 3166 840 3230 est;
865 3163 979 3218 lectoris
999 3180 1082 3216 manu
1106 3160 1153 3216 hic
1172 3161 1300 3215 additum

152 3247 237 3316 putat
255 3245 339 3298 Dauo
413 3251 428 3297 2
448 3263 475 3298 τι.
495 3263 555 3298 ποτ.
577 3242 715 3297 Stratonis
734 3241 844 3312 physici
863 3260 921 3296 esse
941 3243 1013 3297 vidit
1028 3243 1188 3298 Gutscbmid

153 3323 205 3380 καλ
224 3320 295 3378 ἄλλα
310 3324 373 3380 add.
389 3325 464 3378 Eua.

225 3402 348 3459 DCOLII
367 3404 442 3458 Eud.
461 3423 488 3473 p.
505 3409 565 3457 648.
599 3403 713 3459 Tractat
730 3403 859 3458 Meineke
878 3404 890 3455 Ι
909 3421 935 3471 p.
951 3408 1002 3456 426
1018 3421 1074 3471 seq.
1104 3401 1146 3455 Ab
1166 3401 1301 3470 Hesychii
1322 3448 1328 3462 .

153 3485 362 3554 Onomatologo
386 3483 506 3538 alienam
532 3485 615 3553 putat
635 3485 732 3548 Daret,
757 3486 791 3538 de
817 3484 893 3539 Suid.
913 3503 939 3553 p.
960 3488 1012 3538 484
1102 3489 1118 3536 4
1140 3483 1301 3550 Φοινικίδης
1384 3530 1387 3534 .

148 3565 229 3636 apud
249 3564 350 3620 Athen.
370 3564 409 3617 IX
428 3583 454 3633 p.
470 3570 521 3618 382

225 3644 361 3699 DCCLHI
379 3645 454 3698 an.
474 3664 501 3714 p.
518 3651 577 3698 653.
616 3644 656 3701 ef.
675 3644 758 3716 Diog.
773 3646 807 3712 V,
822 3652 856 3700 58
929 3639 1198 3712 8καθηγῆσατο-
1219 3647 1301 3698 Φιλοι-

150 3725 265 3796 δέλφον
280 3742 334 3779 om.
349 3725 435 3792 Eud,
454 3725 669 3780 certe-ordinem
687 3727 815 3792 turbant3
834 3725 1016 3794 transscripta
1030 3726 1094 3777 sunt
1108 3741 1142 3778 ex
1156 3721 1237 3792 Diog.
1248 3724 1266 3777 l.
1278 3742 1300 3777 ο.

226 3804 361 3860 ΒΟΟΙιΝ
380 3805 558 3874 Εαιί.μ.663
606 3812 639 3859 10
653 3809 722 3861 Συν.
739 3802 828 3861 ἐπισκ.
844 3801 876 3860 ἐκ
891 3809 941 3860 Πτ.
958 3807 1042 3859 Πεντ.
1057 3803 1132 3859 an.
1185 3808 1217 3856 14
1231 3799 1302 3871 πρὸς

138 3881 297 3956 {Apuridtov
311 3881 361 3941 τὸν
376 3883 492 3960 βασιλέα
503 3887 568 3955 post
579 3884 739 3958 destitueris
749 3886 812 3940 add.
823 3886 908 3952 Eud,
923 3902 994 3954 quae
1005 3902 1038 3940 ex
1048 3884 1133 3953 ipsius
1143 3882 1301 3952 cognitione

143 3984 217 4023 eam
227 3964 368 4020 addidisse
378 3968 461 4036 putat
469 3967 563 4035 Daab,
573 3967 608 4021 de
615 3966 686 4021 Viol.
698 3986 725 4036 p.
736 3973 752 4019 9
791 3970 823 4018 15
833 3965 919 4019 verba
929 3963 977 4018 καλ
987 3960 1037 4026 τὰς
1047 3995 1080 4003 -
1092 3957 1238 4023 ἐπιστολὰς
1246 3961 1301 4015 huo

143 4045 293 4107 collocavi
313 4044 466 4101 Eudociam
485 4049 609 4111 secutns3
628 4047 694 4116 post
718 4044 850 4109 συνέταξε
870 4044 945 4097 maie
963 4042 1096 4098 exhibent
1114 4042 1219 4096 Saietae
1236 4038 1301 4094 libri

227 4123 348 4180 DCCLV
367 4126 443 4182 Eud.
462 4145 490 4196 p.
506 4132 570 4195 654,
590 4143 662 4193 quae
680 4143 734 4181 om.
754 4120 930 4194 ἡγησάμενος
944 4155 977 4163 --
993 4119 1112 4191 ἐγένετο.
1145 4121 1186 4175 cf.
1201 4119 1301 4174 Marini

141 4207 205 4262 vit.
225 4205 320 4262 Procli
339 4224 361 4262 o.
377 4212 424 4270 263
443 4206 567 4273 Lobeck‚
586 4205 648 4274 Agl.
663 4224 690 4275 p.
706 4211 759 4259 344
842 4211 873 4258 17
893 4202 1058 4271 ἰσοκρατίων
1077 4203 1142 4271 post
1161 4206 1218 4270 φιλ.
1237 4199 1300 4255 add.

141 4291 234 4339 ΔΥΕ
289 4291 324 4340 20
343 4284 437 4340 Verba
454 4286 561 4340 seclusa
579 4286 616 4338 ad
629 4285 721 4339 Procli
739 4286 828 4341 vitam
847 4287 982 4355 spectare,
1000 4281 1073 4336 unde
1089 4282 1202 4336 lectoris
1217 4299 1302 4335 mann

137 4362 185 4419 in
204 4362 319 4435 Syriani
338 4364 572 4434 immigraverint‚
596 4363 669 4418 vidit
687 4364 866 4435 Berabardp3
889 4369 910 4416 B
928 4363 1001 4418 inter
1018 4378 1089 4416 vers.
1108 4362 1196 4416 babet
1217 4357 1302 4432 ζήτει,

139 4445 233 4513 quod
251 4446 328 4499 recte
346 4445 499 4515 coniungas
518 4463 580 4501 cum
601 4443 641 4507 εἰς
659 4440 693 4498 τὰ
711 4439 842 4514 Πρόκλου
