2910 5056
25 336 28 342 .
146 291 194 344 xl.
578 283 861 340 Puonuoonnua

234 451 290 517 IV.
331 452 462 516 lamec
486 448 631 534 provecti
655 470 781 530 sumus,
804 451 840 512 ut
863 469 901 512 ea
924 445 1144 511 examinemus
1169 444 1295 509 addita

147 563 270 642 menta,
302 580 383 644 quae
414 557 560 623 Eudocia
591 556 663 621 sola
694 555 807 637 habet,
840 555 877 618 de
910 555 1033 650 quibus·
1058 552 1128 636 ipse
1164 552 1296 635 copiose

148 666 312 749 disputavi
335 665 463 731 Unters.
491 686 522 748 p.
545 665 587 729 38
608 685 673 747 seq.
718 661 859 727 Posthac
888 661 1110 746 quaestionem
1138 664 1295 725 retraeta-

148 776 264 838 verunt
282 771 377 837 Daub
402 775 434 836 et
453 771 556 836 Pulch
575 771 597 836 1.
616 792 640 836 e.
678 768 799 834 Taedet
817 790 902 834 nunc
921 767 1030 833 omnia
1053 789 1227 851 recoquere
1253 803 1295 813 —

150 881 238 946 velut
252 874 335 944 κατὰ
351 879 547 962 Λυσίμαχον
561 877 595 941 in
609 877 676 941 vita
690 876 894 960 Diogeniani,
909 876 947 939 de
963 896 1027 958 quo
1041 874 1179 958 garrivit
1193 873 1296 940 Pulch

149 1010 179 1071 p.
199 987 241 1051 83
268 1021 318 1068 —‚
346 984 402 1049 sed
424 984 532 1068 placet
560 1005 722 1067 apponere
746 1005 801 1048 eos
830 983 1026 1067 scriptorum
1053 981 1182 1066 titulos,
1215 1005 1297 1067 quos

149 1097 205 1158 aut
229 1093 300 1157 sola
323 1096 380 1156 aut
400 1090 564 1156 uberiores
588 1090 683 1156 nobis
706 1093 854 1175 praestat
876 1111 1019 1174 quosque
1047 1112 1120 1155 cum
1148 1090 1183 1154 in
1207 1090 1297 1155 dubi-

148 1201 307 1265 tationem
329 1221 396 1265 non
414 1198 551 1263 vocandi
571 1197 649 1280 sint,
671 1218 729 1261 nee
752 1195 884 1260 finxisse
906 1217 966 1260 nec
985 1218 1024 1260 ex
1047 1195 1149 1279 ipsius
1171 1196 1297 1261 littera·

149 1331 220 1374 rum
240 1306 376 1372 scientia
396 1305 565 1388 addidisse,
578 1305 639 1368 sed
659 1304 779 1368 efonte
795 1325 852 1368 suo
873 1303 1049 1389 integriore
1064 1326 1136 1368 eam
1155 1303 1298 1388 descrip-

150 1417 231 1480 sisse
247 1413 411 1480 ooncludo.
431 1411 470 1479 V.
481 1412 686 1489 Μένιππος
701 1408 759 1496 (sc.
766 1406 966 1497 Ἕρμιππος)
981 1410 1051 1476 add.
1061 1406 1183 1494 Ὅφεις,
1199 1433 1299 1496 quam

149 1522 295 1586 fabulam
318 1541 383 1584 non
405 1519 559 1584 ficticiam
582 1540 651 1583 esse
675 1517 756 1583 vidit
779 1517 957 1583 MeinekeI
976 1541 1006 1602 p.
1021 1520 1100 1602 4943
1123 1541 1151 1583 v.
1166 1523 1205 1582 H
1207 1515 1299 1583 ολύ-

151 1632 264 1711 ζηλος
287 1626 358 1693 add.
373 1622 498 1709 ’Ἄρεως
516 1627 628 1711 γοναί,
652 1625 738 1709 quod
762 1647 836 1690 casu
855 1625 889 1689 in
912 1626 1032 1690 nostris
1054 1624 1172 1690 Suidae
1191 1647 1299 1689 exem-

152 1734 297 1819 plaribus
325 1733 527 1799 intercidisse
559 1732 712 1817 opinatus
744 1735 795 1796 est
822 1732 932 1816 Daub3
959 1754 989 1796 v.
1013 1729 1195 1816 Μάξιμος
1228 1728 1300 1797 To-

151 1865 238 1925 ριος
262 1840 333 1906 add.
355 1843 404 1918 τίς
428 1833 446 1904 ὁ
469 1835 551 1917 θεὸς
573 1836 655 1904 κατὰ
674 1836 857 1921 Πλάτωνα,
881 1839 967 1923 quod
990 1841 1177 1923 opusculum
1201 1839 1301 1905 hodie

153 1948 258 2013 adhuc
281 1938 391 2012 extare
411 1969 507 2012 nemo
527 1948 642 2031 nescit3
665 1970 694 2012 v.
712 1942 960 2022 Σαλούστιος
978 1950 1081 2024 Mod.
1104 1946 1205 2010 babet
1224 1944 1301 2028 περὶ

150 2055 319 2139 πυρετῶν,
348 2051 423 2136 περὶ
446 2054 649 2137 κατασκευῆς
676 2054 737 2118 τοῦ
760 2047 947 2137 ἀνθρώπου
970 2049 1025 2116 καὶ
1048 2048 1132 2117 ἄλλα
1156 2049 1302 2138 ἰατρικά,

152 2183 234 2246 quae
258 2161 335 2245 quin
363 2159 523 2225 medicum
550 2160 699 2243 inprimis
727 2160 862 2224 deceant
884 2162 980 2224 nemo'
1008 2158 1148 2243 dubitet3
1176 2181 1206 2225 v.
1231 2165 1304 2226 Σι-

151 2265 311 2351 βύρτιος
339 2266 412 2331 add.
438 2264 573 2349 μελέτας
601 2289 636 2330 τε
663 2263 718 2330 καὶ
748 2262 921 2343 ἐπιστολάς
945 2265 1118 2331 admodum
1145 2269 1303 2352 probabi·

150 2377 237 2450 litem
263 2395 291 2437 v.
315 2369 548 2474 Πορφμριος
574 2373 693 2438 rectius
713 2373 847 2438 titulum
866 2373 999 2437 exhibet
1016 2368 1074 2450 τὰς
1091 2373 1305 2456 καλουμένας

153 2478 181 2547 ε’
212 2474 329 2565 φωνὰς
357 2471 390 2563 [ἢ
418 2482 506 2544 recte
535 2480 639 2564 suppl.
667 2478 775 2560 Daub]
804 2482 862 2563 τῆς
889 2476 1135 2564 Ἀριστοτέλους
1164 2482 1306 2565 λογικῆς

151 2588 374 2672 πραγματείας
392 2583 574 2670 μεθοδικὰς
592 2583 777 2670 εἰσαγωγάς
796 2585 861 2672 (est
885 2588 968 2651 enirn
993 2587 1108 2652 titulus
1133 2585 1303 2672 εἰσαγωγὴ

152 2688 173 2778 ἢ
197 2692 362 2778 περὶτῶν
390 2692 487 2758 πέντε
509 2693 667 2778 φωνῶν);
696 2717 724 2757 v.
748 2692 929 2777 Πρόκλος
957 2689 1056 2758 dede.
1080 2693 1150 2759 add.
1174 2696 1304 2777 ἔγραψε

152 2797 234 2865 κατὰ
261 2795 460 2882 Ἐπικούρου
483 2795 529 2883 δ’,
556 2797 631 2883 περὶ
658 2802 819 2883 προνοίας
840 2798 959 2885 βιβλία
986 2795 1020 2882 β’
1050 2823 1131 2884 quae
1159 2801 1240 2864 olim
1270 2803 1310 2866 in

153 2906 271 2972 Suidae
295 2906 532 2990 exemplaribus
556 2905 655 2970 fuisse
678 2928 744 2970 non
770 2907 889 2991 probat
911 2905 1004 2971 Daub
1030 2901 1127 2990 (πρὸς
1151 2900 1307 2972 Ἐπίκου-

154 3037 216 3096 ρον
232 3035 312 3096 opus
327 3012 444 3077 maiori
458 3012 573 3077 Proclo
589 3013 675 3076 dedit
690 3010 833 3099 Suidas);
848 3035 876 3077 v.
889 3015 1129 3097 Σαννυρίων
1144 3013 1216 3077 add.
1228 3007 1307 3080 Ἰνὼ

154 3125 187 3187 et
207 3115 489 3205 Σαρδανάπαλος,
517 3141 597 3203 quas
623 3120 805 3184 comoedias
833 3121 997 3185 erroribus
1020 3120 1307 3206 palaeographicis

156 3228 266 3294 deberi
281 3227 365 3292 mira
378 3225 488 3292 indicii
501 3227 717 3312 perversitate
731 3226 944 3311 Bernhardyo
963 3226 1065 3292 credit
1082 3225 1185 3292 Pulch
1201 3251 1232 3313 p.
1247 3230 1308 3314 893

153 3359 181 3399 v.
196 3330 394 3417 ’Ἄψυρτος
417 3333 487 3398 add.
510 3336 596 3417 βιβλ.
617 3330 665 3416 d'3
690 3356 717 3398 v.
742 3327 908 3417 Ῥοῦφος
938 3332 1008 3399 add.
1038 3331 1113 3417 περὶ
1143 3335 1212 3399 τῶν
1240 3339 1306 3402 τοῦ

156 3438 340 3523 ἀνθρώπου
363 3444 492 3524 μορίοιν
512 3437 592 3522 ooo,
614 3438 689 3524 περὶ
710 3434 818 3506 ὀστῶν
838 3440 890 3523 έν,
916 3440 1001 3524 quod
1021 3444 1106 3505 certe
1126 3463 1199 3506 oum
1215 3446 1309 3509 extet

153 3658 282 3740 μορίων
307 3651 373 3740 (vel
393 3649 573 3738 ὀνομασίαι
591 3656 659 3721 τῶν
677 3649 976 3741 sordidationem,
1001 3655 1104 3739 quode
1123 3655 1163 3719 ef.
1179 3654 1308 3741 nonde,

159 3763 197 3828 de
220 3762 303 3828 Poll.
321 3762 403 3827 font.
422 3784 452 3845 p.
471 3762 514 3826 90
533 3760 624 3846 Add,
641 3762 747 3846 Diels,
766 3761 907 3846 Dcxogr.
926 3784 956 3845 p.
974 3758 1064 3847 208),
1087 3783 1146 3826 nec
1166 3763 1307 3827 mentita

167 3873 217 3934 est
234 3890 337 3953 neque
357 3890 374 3932 e
394 3869 461 3933 suis
480 3868 641 3933 thesauris
657 3867 773 3932 addere
789 3869 933 3953 poterat;
956 3867 1086 3932 cuinam
1105 3869 1192 3933 enim
1206 3862 1305 3934 Daub

156 3977 195 4042 de
210 3976 296 4041 Viol.
314 3998 344 4059 p.
361 3976 403 4040 10
422 3974 644 4059 persuadebit,
667 3973 830 4039 Eudociae
853 3974 887 4038 in
910 3974 1106 4039 medicorum
1128 3974 1305 4039 vitis-ube·

153 4085 256 4149 riores
280 4083 385 4149 fontes
409 4084 540 4168 praesto
564 4081 676 4165 fuisse,
700 4102 772 4145 cum
795 4082 929 4146 eandem
948 4082 1088 4146 medicos
1107 4082 1180 4165 plus
1200 4105 1304 4168 aequo

154 4277 293 4345 tinentur,
311 4278 341 4331 in
357 4295 457 4332 manns
472 4276 557 4344 vonit,
575 4275 732 4329 luculenter
745 4276 917 4345 patefactum
937 4278 986 4331 est.
1015 4273 1123 4345 Nempe
1142 4277 1172 4330 et
1185 4277 1304 4331 lacobus

154 4357 265 4427 Billius,
286 4357 334 4426 qui
347 4357 436 4412 latine
450 4373 498 4411 eos
512 4354 611 4422 vertit,
631 4356 660 4410 et
673 4354 797 4410 Endocia
810 4355 925 4410 meliore
940 4372 973 4410 ac
991 4355 1174 4426 locupletiore
1189 4358 1303 4412 uteban-

63 4452 67 4459 ·
153 4439 201 4490 tur
218 4435 311 4490 Nonni
334 4435 500 4506 exemplari,
519 4450 603 4503 quam
622 4451 693 4503 quae
713 4434 743 4490 in
762 4434 931 4491 editionibus
950 4435 1052 4491 nostris
1071 4435 1214 4506 descripta
1231 4438 1301 4491 sunt
