2880 5054
183 301 248 365 ων
646 298 859 354 ααανοαατο.
888 373 892 379 ,

179 467 328 546 πολίτης,
346 458 533 548 φιλόσοφος
548 458 570 548 Ι,
585 458 600 548 ΙΙ
617 456 634 527 ό
650 460 840 544 ἐπικληθεὶς
858 458 1136 549 Φαλογράμματος
1151 458 1184 550 ΙΙ,
1198 459 1311 540 εἰκόνας

178 567 260 635 κατά
289 581 470 655 στοιχεῖον,
499 565 645 655 ΙΙτέχνην
672 565 902 653 γραμματικήν
913 566 944 656 ΙΙ,
977 567 1053 653 περὶ
1081 571 1246 653 γραφικῆς
1268 568 1312 634 καὶ

180 674 363 760 ζωγράφων
387 671 550 758 ἐνδόξων,
574 671 580 761 Ι
599 672 764 758 γεωργικά
787 678 901 758 βιβλία
924 671 958 758 γ’
974 672 999 762 Ι.

266 783 413 850 DOXJV.
449 785 667 858 Παναίτιος
685 776 827 865 Ῥόδιος,
854 776 871 847 ὁ
895 778 1097 868 πρεσβύτης,
1124 780 1309 867 φιλόσοφος,

151 880 221 956 τού
242 886 348 968 πολύς
369 890 406 955 έν
430 886 631 974 φιλοσόφοις
654 885 761 972 λόγος.
805 888 939 974 φέρεται
964 884 1070 954 αὐτοῦ
1092 893 1209 973 βιβλία
1232 887 1311 975 φιλό-

180 1016 270 1081 σοφα
293 1003 439 1063 πλεῖστα.

267 1102 396 1169 DOXV.
432 1105 689 1179 Παναίτιος
713 1096 731 1166 δ
756 1098 931 1185 νεώτερος,
955 1099 1170 1188 Νικαγόρου,
1189 1097 1313 1185 Ῥόδιος,

178 1208 366 1295 φιλόσοφος
386 1206 545 1291 Στωικός,
570 1208 758 1291 Διογένους
781 1205 959 1293 γνώριμος,
982 1203 1019 1286 δς
1036 1206 1255 1294 καθηγήσατο
1270 1206 1313 1274 καὶ

178 1323 378 1402 Σκηπίωνος
413 1319 475 1381 τοῦ
517 1315 754 1400 ἐπικληθέντος
787 1311 991 1399 Ἀφρικανοῦ
1033 1312 1115 1400 μετὰ
1154 1314 1313 1400 Πολύβιον

143 1444 167 1483 1⁰
182 1427 470 1509 Μεγαλοπολίτην.
512 1419 700 1504 ἐτελεύτησε
724 1417 756 1486 δ’
783 1420 819 1487 έν
840 1417 1006 1506 Ἀθήναις.

269 1528 415 1595 ΒΘΧἯ.
452 1526 680 1612 Πανόλβιος
710 1529 798 1594 ἐπῶν
825 1524 972 1612 ποιητής.
1005 1531 1144 1621 ,ἔγραψε
1171 1526 1311 1615 διάφορα,

180 1634 235 1701 καὶ
257 1631 341 1719 πρὸς
364 1632 529 1719 Αίθέριον
552 1630 632 1719 μετὰ
658 1631 720 1719 τήν
743 1631 850 1700 νόσον
870 1630 916 1699 δι’
942 1635 1031 1701 έπῶυ
1054 1636 1110 1703 καὶ
1135 1634 1220 1723 πρὸς
1235 1631 1311 1721 Ἐρύ-

182 1750 285 1828 θριον
304 1740 360 1807 καὶ
377 1737 461 1826 πρὸς
475 1737 663 1828 Δωρόθεον
682 1735 831 1825 ἡγεμόνα
849 1739 904 1806 καὶ
923 1738 1050 1827 κόμητα
1069 1741 1126 1808 καὶ
1145 1746 1193 1822 είς
1208 1738 1310 1828 Ἀφθό-

180 1875 257 1916 νιον
276 1846 404 1935 κόμητα
422 1846 478 1913 καὶ
497 1844 674 1932 ἐπιτάφιον
687 1844 843 1926 ’Ῥπατίας
860 1845 1029 1936 θυγατρὸς
1045 1846 1240 1935 Ἐρυθρίου.

140 1976 166 2016 15
268 1954 430 2022 DOXVH.
454 1952 662 2031 Πανύασις
681 1951 885 2041 Πολυάρχου
898 1951 1191 2043 Ἁλικαρνασσεύς,
1211 1954 1308 2047 Ιιτερα·

179 2060 341 2141 τοσκόπος
355 2062 410 2127 καὶ
425 2060 431 2150 Ι
447 2058 583 2146 ποιητής
603 2061 700 2128 ἐπιόν.
731 2051 830 2138 οὗτος
848 2066 1052 2146 σβεσθείσαν
1071 2060 1134 2150 τήν
1152 2086 1307 2148 ποιητικην

180 2164 336 2253 άυήγαγε.
382 2171 511 2255 Δοῦρις
534 2166 571 2234 δὲ
596 2168 780 2245 Διοκλέους
802 2193 837 2234 τε
860 2171 963 2235 παῖδα
987 2164 1157 2255 ἀνέγραψε
1180 2169 1234 2236 καὶ
1254 2164 1305 2234 Σά-

181 2294 275 2359 μιον·
304 2270 428 2359 ὁμοίως
456 2272 493 2341 δέ
518 2274 573 2340 καὶ
591 2269 777 2360 Ἡρόδοτον
801 2272 957 2362 Θούριον.
1004 2275 1176 2364 ἱστόρηται
1199 2274 1234 2343 δὲ
1253 2281 1305 2341 Πα-

181 2434 303 2490 auctoris
322 2435 428 2503 scripte
445 2434 630 2504 grammatico
644 2434 750 2486 temere
765 2432 866 2487 tribuit
878 2434 1053 2503 Lanzbeeius;
1070 2437 1119 2491 sed
1129 2434 1229 2505 τέχνην
1240 2450 1304 2503 ηραν

181 2511 302 2585 μανικὴν
321 2532 339 2569 α
353 2514 460 2582 pictore
475 2510 631 2566 abiudicari
645 2512 673 2565 el
687 2513 723 2565 ad
737 2513 953 2581 gremmalicnm
967 2514 1045 2569 reiiei
1060 2532 1131 2586 opus
1145 2518 1197 2584 esi,
1210 2531 1264 2570 cun
1273 2509 1304 2581 pi·

181 2596 286 2649 olorem
302 2592 422 2647 maxime
435 2593 564 2646 deceant:
580 2586 804 2659 εἰκόνας-περὶ
818 2595 960 2662 γραφικῆς
969 2594 1019 2648 καλ
1029 2591 1186 2664 ζωγράφων
1197 2589 1303 2659 ἐνδόξων.

181 2673 381 2741 Philosophum
396 2670 580 2737 Platonicum,
598 2688 681 2740 quem
695 2671 813 2726 laudant
827 2673 883 2728 cic.
893 2676 950 2728 nal.
963 2675 989 2730 d.
1000 2673 1022 2742 Ι,
1033 2681 1077 2743 26,
1091 2675 1173 2744 Diog.
1183 2674 1214 2744 X,
1225 2680 1260 2740 11,
1271 2669 1303 2724 his

180 2771 237 2807 non
254 2751 382 2820 intellegi
400 2752 481 2819 patet
501 2757 514 2804 1
540 2746 554 2803 ὁ
576 2745 619 2805 έπ.
639 2746 868 2822 φιλογράμματος
886 2771 956 2810 corr.
976 2754 1154 2822 Εονιδεοὶκε,
1173 2753 1263 2809 meiito
1276 2748 1303 2803 nd

181 2832 397 2903 grammaticum
411 2831 541 2898 referens,
557 2827 572 2884 ὁ
589 2828 632 2886 έπ.
644 2828 873 2902 φιλοπράγματος
887 2836 958 2903 ναῖς.
1000 2831 1117 2898 είκόνας
1130 2835 1188 2889 τῶν
1202 2830 1303 2908 βοταιαι

181 2930 327 2984 perperam
342 2912 412 2967 coni.
427 2911 600 2979 Lambeciue,
618 2912 783 2967 Philostrati
797 2913 861 2981 περὶ
875 2909 996 2967 εἰκόνων
1010 2913 1098 2969 libros
1113 2912 1234 2969 reciius'
1227 2930 1253 2967 m
1262 2922 1304 2964 ne·

182 2995 298 3050 moriem
317 2992 461 3046 revocavit
478 2993 623 3049 Κυωινκο
665 2993 795 3048 Ceterum
815 2989 915 3061 Πίμφ
939 2995 1143 3062 Νικοπολίτης,
1166 2990 1303 3063 φιλόσοφον,

182 3092 280 3142 γεωργ.
296 3074 350 3145 βιβ
362 3092 379 3141 γ
384 3068 577 3140 ’όοῒοαίοοαη
593 3090 676 3142 quem
689 3073 788 3127 laudet
798 3072 928 3139 Galenus
944 3074 1072 3143 spectate
1085 3066 1304 3129 viditatem

181 3160 199 3208 3
217 3173 357 3223 γεωργικα
377 3169 430 3206 om.
450 3156 486 3221 A,
504 3116 578 3208 unde
597 3154 756 3223 fragmenta
774 3151 858 3206 hodie
878 3154 987 3207 exstare
1005 3150 1116 3206 monuit
1133 3153 1263 3207 Καείτννε

254 3232 340 3287 DCXI
342 3233 366 3287 V
385 3233 461 3288 Eud
478 3252 504 3302 p
519 3239 578 3288 603.
616 3233 788 3288 Memoraiur
805 3251 832 3287 v.
849 3226 1014 3301 Ἀντιφάνης
1029 3227 1192 3303 Ἀθηναιος,
1206 3222 1305 3289 ’Amul

182 3318 284 3384 δωρος,
304 3308 457 3383 Πολύβιος,
476 3310 667 3375 Ποσειδώνιος
735 3309 958 3384 4τιρεσβύτερος
974 3312 1112 3368 Weeterm.
1184 3314 1307 3371 senellae

182 3389 242 3448 ei
229 3414 245 3447 ο
265 3388 388 3461 λόγοςΑ

253 3472 352 3527 DCXV
371 3473 447 3528 Eud.
466 3473 484 3526 1.
505 3491 536 3541 ο,
556 3490 627 3541 quae
645 3473 747 3543 incipit
765 3473 812 3527 nal
833 3472 927 3539 ἕτερος
940 3477 1013 3526 Παν.
1071 3480 1087 3527 8
1106 3478 1186 3543 Διογ.
1205 3468 1307 3530 1ε.Βν

181 3553 289 3623 bylonii
361 3553 411 3607 καὶ
429 3554 492 3607 add.
512 3556 614 3605 Anvn
688 3560 703 3607 9
724 3550 794 3623 μετά
813 3549 863 3607 τόν
882 3558 954 3622 Μεγ,
974 3554 1050 3629 End.
1119 3557 1205 3610 Σκιπ.
1222 3551 1279 3609 libri

253 3632 367 3686 DCXVI
386 3633 461 3687 Eud.
480 3650 507 3702 p.
524 3638 584 3687 595.
615 3632 653 3688 Cf.
673 3634 804 3699 Diinlzer‚
823 3633 874 3702 Ep.
890 3634 924 3688 fr.
939 3633 965 3687 Π
978 3651 1006 3702 p.
1024 3639 1083 3689 110.
1104 3632 1224 3689 Zenonis
1236 3632 1310 3688 astae

183 3731 247 3767 eum
265 3712 367 3767 vixisse
385 3712 469 3766 docet
484 3713 559 3767 Suid.
579 3731 605 3766 v.
622 3708 775 3782 Ἐρύθριος
830 3721 862 3768 13
880 3709 1011 3783 Ἐθέριον
1030 3719 1089 3769 Ald.
1104 3715 1181 3771 Eua.
1236 3710 1311 3770 1111

184 3811 294 3850 versam
313 3809 375 3846 eam
395 3808 455 3846 esse
475 3793 510 3846 ab
528 3792 664 3862 Hypanis,
685 3793 808 3848 Theonis
827 3794 899 3864 filia,
917 3794 1095 3849 notissimum
1113 3797 1160 3851 esi

254 3870 381 3925 DCXVll
399 3872 474 3926 ned.
489 3890 516 3940 p.
532 3878 592 3926 596.
628 3871 669 3926 cf.
689 3890 714 3926 v.
733 3869 897 3943 Ἀντίμαχος.
927 3875 1063 3929 Tractani
1080 3874 1193 3945 Nseke‚
1208 3870 1310 3931 choeril

181 3973 209 4024 p.
226 3960 268 4023 17,
288 3951 458 4018 Tzschirner,
478 3952 549 4006 Pan:
563 3952 596 4007 fr.
616 3972 643 4022 p.
660 3959 726 4022 lsq.
783 3961 815 4008 15
835 3949 1003 4024 Πολυάρχου
1022 3985 1056 3994 -
1076 3951 1228 4026 ἱστόρησαν
1241 3954 1312 4011 oni

181 4030 544 4103 vspavo'suonos'perlinere
563 4033 600 4087 ad
619 4033 740 4086 alterum
752 4033 937 4104 Panyesidem
955 4032 1160 4104 philosophum
1173 4039 1248 4091 recle
1263 4048 1313 4104 pen

182 4115 273 4184 spexit
287 4113 437 4168 Fabricius
502 4119 534 4166 16
559 4107 641 4174 οὗτος
659 4144 693 4152 -
712 4109 838 4183 ἀνήγαγε
859 4112 956 4181 scripsi
975 4130 1039 4166 eum
1058 4119 1089 4181 V,
1113 4108 1146 4176 ὃς
1167 4110 1312 4182 ἐπανήγαγε

181 4198 252 4264 vulp.
319 4201 350 4246 11
371 4193 404 4246 de
423 4191 528 4245 Duride
547 4192 580 4246 cf.
597 4191 699 4248 Miiller
714 4196 738 4248 ll
758 4214 784 4264 p.
803 4200 855 4248 482
876 4194 920 4263 (fr.
936 4198 981 4261 57)
1041 4194 1147 4262 Δοῦρις
1165 4193 1197 4249 δὲ
1213 4225 1245 4234 -
1259 4187 1271 4245 ό
1287 4186 1313 4242 cll

182 4270 330 4334 Πανύασις
349 4290 402 4327 om.
418 4273 493 4325 End.
580 4277 612 4324 18
636 4270 738 4343 ὁμοίως
758 4274 806 4328 καὶ
824 4278 873 4325 BV
897 4270 1000 4342 ὁμοίως
1024 4268 1061 4334 ὡς
1080 4273 1242 4327 dubitanter
1258 4269 1313 4324 (1111·

182 4356 284 4408 sehmid
324 4349 478 4420 Ἡρόδοτον
494 4348 617 4419 Θούριον
633 4371 668 4406 se.
685 4349 830 4424 ύνέγραφε
847 4369 915 4406 corr.
933 4352 1083 4423 Wesselinp
1092 4348 1243 4422 Ἡρόδοτος
1253 4348 1313 4415 ναόν.

183 4427 285 4505 ὁμοίως
304 4431 352 4485 καὶ
366 4425 567 4500 Νυμφόδωρος
586 4432 642 4499 (vel
656 4429 838 4505 Ἡρόδωρος),
857 4427 980 4503 Θούριον
1000 4429 1031 4486 δὲ
1052 4432 1217 4487 Tzsohimer
1233 4449 1258 4501 p.
1272 4434 1298 4482 11
