2880 5054
178 280 221 342 24
569 322 572 329 .
640 277 852 332 HESYOHIUS.

176 439 315 526 ποιητής
347 452 441 506 νοσεί
471 464 559 506 τινα.
581 438 699 525 νόσου,
731 440 786 506 καὶ
819 442 908 505 ἰᾶται
939 435 1043 507 αὐτὸν
1071 436 1088 505 ὁ
1117 437 1312 525 Ἀσκληπιός,

177 547 231 613 καὶ
250 545 451 634 προστάσσει
469 544 665 633 χαριστήρια
684 550 743 633 τής
761 543 883 632 ὐγείας.
912 543 929 614 ὁ
951 545 989 614 δὲ
1007 543 1145 633 ποιητής
1159 544 1198 614 τὸ
1214 545 1314 635 δράμα

176 652 213 720 τό
240 651 422 740 ὁμώνυμόν
446 657 481 720 οί
501 653 603 738 νέμει.
640 646 716 720 θεοὶ
741 652 778 721 δέ
800 651 915 740 ὑγείας
936 652 999 739 μὲν
1024 649 1085 720 οὐκ
1108 652 1153 721 ἄν
1176 678 1255 728 ποτε
1271 682 1315 741 μι-

177 759 266 828 σθὸν
290 759 472 847 αίτήσαιεν,
497 757 571 828 οὐδ’
593 756 636 827 όν
657 758 804 844 λάβοιεν.
840 755 949 845 ήπῶς
967 758 1021 845 άν,
1040 768 1109 846 είγε
1128 758 1169 827 τά
1189 763 1318 847 μέγιστα

152 865 259 953 εήμίν
282 866 382 953 φρενί
405 865 638 956 φιλανθρώπῳ
661 865 716 932 καὶ
736 862 850 954 άγαθή
870 868 1051 954 παρέχουσι
1069 864 1318 957 προῖκα,.ήλιόν

178 999 211 1040 τε
241 969 325 1059 ὁρᾶν
351 971 408 1064 καὶ
436 975 496 1040 τού
525 976 612 1039 θεοῦ
639 976 700 1040 τοῦ
722 971 887 1040 τοσούτου
905 976 963 1059 τῆς
985 978 1182 1063 παναρκοῦς
1206 972 1321 1062 άμισθλ

178 1077 444 1166 μεταλαμβάνειν
472 1075 619 1165 άκτῐνος,
647 1080 701 1146 καὶ
730 1083 849 1166 χρήσιν
873 1078 1012 1166 ὕδατος,
1039 1081 1094 1149 καί
1119 1080 1228 1169 πυρὸς
1250 1102 1321 1150 συν-

178 1187 296 1272 τέχνου
319 1191 441 1272 μυρίας
464 1183 622 1271 ἕπιγονίις
645 1185 700 1252 καὶ
723 1191 875 1266 ποικίλας
895 1183 963 1272 ἅμα
981 1187 1037 1254 καλ
1056 1188 1244 1275 συνεργοὺς
1261 1192 1321 1258 ἐπι

177 1298 327 1379 κουρίας,
350 1293 405 1359 καὶ
429 1290 528 1380 άέρος
550 1297 649 1378 σπᾶν,
671 1292 727 1359 καὶ
751 1297 839 1378 ἔχειν
857 1291 989 1381 τροφήν
1007 1300 1091 1381 ζωῆς
1108 1294 1147 1364 τὸ
1168 1297 1204 1378 ἐξ
1224 1294 1322 1366 αὐτοῦ

140 1428 166 1466 10
179 1404 318 1486 πνεῦμα.
364 1399 521 1467 ἐθέλουσι
549 1398 586 1467 δὲ
614 1397 679 1486 άρα
709 1400 745 1467 ἐν
769 1403 882 1466 τοῖσδε
900 1414 970 1479 τοῖς
992 1416 1123 1490 μικροῖς
1146 1402 1230 1491 μήτε
1253 1401 1324 1491 άχα·

180 1513 315 1591 ρίστους
333 1504 419 1573 εἶναι
438 1505 519 1592 μήτε
537 1505 735 1592 άμνήμονας
752 1503 847 1594 ήμάς,
866 1507 921 1574 καὶ
942 1508 979 1573 ἐν
997 1506 1128 1588 τούτοις
1147 1505 1324 1596 άμείνονας

179 1612 448 1698 άποφαίνοντες].
474 1604 570 1693 οὗτος
586 1612 622 1680 δὲ
637 1610 876 1700 δἈρίσταρχος
889 1611 1075 1701 σόγχρουος
1093 1606 1138 1701 ήν
1149 1613 1324 1706 Εὐριπίδῃ.

180 1718 217 1801 ὃς
244 1724 374 1807 πρῶτος
401 1724 448 1800 είς
475 1746 512 1787 το
544 1724 609 1788 νύν
639 1716 751 1787 αὐτῶν
774 1724 879 1806 μήκος
901 1717 940 1789 τά
965 1720 1116 1809 δράματα
1139 1726 1326 1811 κατέστησε.

55 1917 64 1931 .
180 1829 235 1895 καὶ
255 1828 385 1908 ἐδίδαξε
399 1827 460 1914 μὲν
475 1831 661 1918 τραγῳδίας
677 1825 719 1912 ο’,
739 1828 871 1912 ἐνίκησε
886 1826 922 1894 δὲ
936 1826 984 1914 β’,
1003 1826 1100 1914 βιοὺς
1112 1825 1200 1917 ὑπὲρ
1216 1835 1272 1919 ἔτη
1286 1828 1325 1918 ρ’.

142 1979 167 2019 15
270 1955 480 2021 LXXXVIII.
524 1951 720 2036 Ἀριστέας
752 1951 990 2038 Λημοχάριδος
1024 1949 1045 2039 ή
1078 1960 1326 2043 Καϋστροβίου,

180 2060 436 2147 Προκοννήσιος
460 2059 624 2138 ἐποποιός.
661 2058 700 2127 τδι
721 2057 936 2146 Ἀριμάσπεια
955 2059 1145 2147 καλούμενα
1165 2067 1228 2150 ἔπη
1248 2067 1326 2152 (ἔστι

182 2167 219 2235 δὲ
234 2170 364 2253 ίστορία
377 2163 680 2253 τώυὛπερβορέων
687 2165 912 2256 Ἀριμασπῶν)
927 2172 1040 2252 βιβλία
1050 2168 1085 2254 γ’
1097 2168 1238 2253 [τούτου
1247 2171 1327 2258 φασὶ

180 2271 242 2359 τήν
256 2273 380 2361 ψυχήν,
395 2271 476 2341 όταν
491 2271 658 2359 ἐβούλετο,
674 2275 795 2354 ἐξιέναι
809 2273 864 2340 καὶ
879 2275 1050 2342 ἐπανιέναι
1058 2274 1188 2361 πάλιν].
1212 2279 1326 2363 γέγονε

182 2380 219 2449 δὲ
238 2379 320 2449 κατὰ
339 2389 491 2468 Κροῖσον
509 2380 562 2447 καὶ
583 2383 713 2467 Κῦρον,
733 2377 914 2466 ὀλυμπιάδι
934 2379 1000 2466 νη’.
1030 2386 1155 2469 ἔγραψε
1174 2383 1213 2452 δὲ
1233 2377 1328 2465 οὗτος

142 2489 236 2556 ιοκαλ
260 2485 508 2574 καταλογάδην,
531 2492 716 2572 θεογονίαν
740 2491 787 2565 είς
810 2491 870 2572 ἔπη
895 2486 953 2577 ,αἶ

270 2615 444 2682 LXXXIX.
461 2609 701 2702 Ἀριστείδης
714 2609 906 2698 Ἀδριανεύς
919 2616 1080 2702 σοφιστής
1091 2613 1281 2705 (Ἁδριανολ
1294 2617 1329 2686 δὲ

181 2720 276 2800 πόλις
294 2726 431 2799 Μυσίας
453 2725 511 2806 τῆς
529 2724 594 2787 νῦν
613 2719 807 2806 Βιθυνίας),
826 2720 1029 2805 Πολέμωνος
1047 2726 1109 2790 τοῦ
1127 2730 1329 2809 Σμυρναίου

182 2827 324 2913 ῥήτορος
346 2827 513 2914 μαθητής,
537 2825 611 2905 υίὸς
629 2823 844 2912 Εὐδαίμονος
868 2827 1060 2914 φιλοσόφου
1082 2855 1118 2896 τε
1140 2830 1198 2897 καὶ
1217 2831 1328 2919 ἱερέως

182 2935 367 3019 γενομένου
394 2937 455 3000 τοῦ
481 2935 518 3001 ἐν
541 2936 580 3020 τή
603 2937 738 3020 πατρίδι
754 2928 866 2999 ἀὐτοῦ
890 2936 983 3017 ίεροῦ
1006 2938 1067 3003 τοῦ
1092 2935 1187 3016 Διός.
1226 2941 1273 3006 ὀί
1293 2936 1327 3005 II

181 3149 304 3202 videntia
322 3146 367 3216 (cf.
388 3146 487 3201 Suidas
506 3165 532 3202 v.
549 3140 741 3216 Θεόπομπος),
760 3145 861 3201 meriIo
881 3164 934 3202 om.
955 3148 1092 3205 Westerm.
1112 3149 1225 3219 reliqua
1243 3151 1328 3220 Hesy-

183 3228 238 3283 chii
258 3247 277 3282 s.
297 3228 343 3282 fin.
363 3227 477 3281 addens,
514 3226 553 3281 cf.
577 3243 650 3294 quae
674 3225 731 3278 dixi
750 3226 821 3279 Mus.
840 3226 928 3284 Rhen.
948 3228 1052 3282 XXXV
1069 3248 1098 3299 p.
1113 3235 1168 3285 204
1238 3237 1272 3286 13
1291 3229 1329 3294 είς

181 3304 231 3362 τόν
249 3308 319 3362 νοῦν
338 3310 446 3360 Am

252 3386 419 3442 Lxxxvlu
437 3387 513 3441 Εαα.
531 3405 557 3455 p.
574 3392 638 3455 1153
656 3386 760 3440 Κιαια
777 3387 789 3438 1
808 3405 834 3455 p.
850 3393 902 3440 ιιι
976 3394 1008 3442 15
1024 3383 1180 3460 Ἀμασίας
1197 3397 1222 3445 A

134 3496 136 3500 ·
184 3474 216 3521 16
236 3466 393 3536 συντέθηκε
413 3463 448 3521 τά
463 3497 496 3506 -
511 3466 587 3522 Eud.
656 3473 687 3519 17
705 3460 785 3536 Ἀριμ
804 3484 854 3536 pro
873 3469 1044 3538 glossemate
1063 3471 1151 3526 habet
1166 3471 1327 3528 ffiaetschmid

184 3553 216 3600 18
232 3547 325 3601 Verba
342 3548 451 3602 seclusa
464 3564 499 3601 ex
512 3548 568 3602 alio
583 3547 661 3602 fonte
675 3547 758 3615 (Max.
770 3549 834 3617 Tyr.
844 3549 909 3603 XVI
919 3569 944 3619 p.
961 3554 1012 3603 288
1032 3552 1062 3604 et
1070 3549 1216 3608 XXXVIII
1228 3573 1257 3624 p.
1268 3555 1328 3623 222)

183 3629 372 3696 accesserunb,
391 3627 490 3682 eadem
508 3627 625 3695 praebeI
640 3627 828 3682 Ρεεαδο-Ηιε.
844 3646 866 3682 ο.
881 3635 906 3683 2.
937 3628 977 3684 Of.
997 3628 1068 3684 Mus.
1087 3630 1177 3688 Rhen.
1196 3633 1215 3687 l.
1231 3652 1265 3702 α,
1282 3632 1329 3688 ubi
1350 3700 1354 3705 ἦ

183 3706 282 3775 γέγονε
302 3724 358 3775 seq.
378 3709 443 3776 post
462 3703 596 3769 ἐποποιός
615 3707 778 3761 collocanda
795 3708 891 3762 monui
963 3703 1032 3763 ὅταν
1052 3703 1141 3766 Δότε
1161 3717 1209 3766 ΒΕ

185 3792 217 3839 19
237 3782 336 3856 ὄλυμπ.
351 3785 398 3857 υη’
412 3805 463 3857 pro
478 3783 517 3842 όλ.
533 3785 561 3842 ν’
579 3785 619 3858 (ν’
629 3793 652 3840 Δ
667 3788 702 3843 αλ.
719 3783 747 3854 η’
758 3789 818 3858 rel.)
833 3789 982 3859 legendum
1001 3807 1058 3844 esse
1071 3793 1214 3859 persuasit
1226 3793 1326 3859 Εολδτ,

184 3867 252 3920 Mne.
268 3866 356 3920 Rhen.
371 3866 488 3921 XXXIII
502 3887 529 3937 p.
546 3872 594 3921 181
615 3869 671 3922 not.
687 3874 712 3922 3.
750 3863 838 3939 ὀγδόη
857 3874 879 3920 V
934 3876 969 3924 20
988 3870 1186 3940 καταλογάδην
1202 3870 1268 3928 τινὰ
1281 3873 1328 3928 καλ

184 3948 266 4014 Θεογ.
281 3947 419 4020 Καπαναε
432 3943 638 4017 καταλογάδην,
652 3946 702 4001 καὶ
718 3950 799 4017 Θεογ.
816 3949 948 4018 Τοαγίκε,
967 3948 1101 4004 αοθίτίουι
1115 3950 1150 4004 de
1165 3952 1328 4023 Theogonia

183 4026 346 4081 mendacem
371 4045 430 4083 esse
453 4029 564 4097 putavit
581 4030 683 4096 Ηιλίιν,
700 4031 771 4084 Mus.
790 4029 877 4084 Rhen.
897 4030 1015 4083 XXXIII
1034 4048 1061 4098 p.
1079 4033 1139 4084 522.
1178 4030 1219 4085 cf.
1239 4031 1326 4100 Daub,

184 4108 218 4161 de
238 4106 314 4161 Suid.
333 4126 360 4177 p.
375 4113 436 4162 417.
474 4107 603 4163 Ceterum
622 4107 675 4177 έπη
695 4104 734 4183 ,α’
755 4126 808 4164 om.
823 4110 899 4164 Εαιλ.
920 4108 957 4184 ,α’
979 4114 1070 4166 om.V

253 4187 395 4242 LXXXIX
413 4188 489 4243 Εαδ.
504 4207 530 4257 p.
544 4194 603 4256 111,
618 4205 689 4258 quae
704 4204 756 4241 om.
772 4190 876 4261 Πολέμ.
888 4223 921 4231 -
934 4187 1066 4260 μαθητής
1079 4193 1226 4261 totamque
1240 4193 1326 4247 vitam

183 4285 251 4322 voce
270 4265 425 4339 γενόμενον
443 4268 613 4322 Ierminavit.
651 4269 690 4324 Cf.
711 4270 872 4324 Philostrat.
886 4270 943 4324 vit.
963 4270 1048 4339 Soph.
1067 4270 1101 4338 II,
1120 4276 1136 4325 9
1195 4278 1230 4326 24
1250 4270 1280 4326 οί
1295 4271 1325 4327 δὲ

184 4345 351 4418 Εὐδαίμονα
370 4344 403 4403 οὐ
428 4344 478 4402 τόν
496 4347 605 4417 πατέρα
629 4344 690 4404 ἀλλ’
711 4346 799 4404 αὐτὸν
820 4347 962 4419 γράφουσι
981 4351 1157 4418 Μαεεοκίιιε,
1181 4353 1231 4407 vit.
1250 4352 1325 4407 Am

185 4423 333 4497 Εὐαίμονα
353 4430 490 4484 Westerm.
