2880 5054
208 289 251 353 86
671 286 885 341 Ηιιετοιιιυε.

207 447 313 534 αύτήν
332 446 504 528 ἐδόξασαν.
532 438 575 533 ήν
596 446 633 514 δδ
653 445 817 526 ἐποποιός.
846 451 992 531 ἔγραψεν
1008 441 1195 532 Ἠλακάτην
1214 444 1354 534 (ποίημα

209 557 248 623 δέ
273 557 362 622 ἐστιν
390 558 530 642 Αίολική
559 531 615 620 κάὶ
639 556 770 638 Δωρίδι
794 556 969 642 διαλέκτῳ,
998 554 1086 620 έπῶν
1114 552 1171 640 τ’).
1223 553 1354 639 ἐποίησε

209 662 245 730 δὲ
275 662 330 729 καὶ
354 659 590 748 ἐπιγράμματα.
635 663 771 749 τελευτᾷ
793 660 964 747 παρθένος
987 660 1279 739 ἐννεακαιδεκὲτις.
1324 661 1357 726 οί

210 769 246 837 δέ
270 772 376 856 στίχοι
400 765 504 853 αύτής
527 769 711 853 ἐκρίθησαν
735 775 802 834 ίσοι
820 762 960 856 Ὁμήρῳ.
997 757 1040 852 ήν
1060 764 1098 833 δδ
1122 766 1238 854 ἑταίρα
1262 772 1352 833 Σαπ-

185 878 298 962 ιφούς
320 875 375 941 καὶ
399 870 594 962 ὁμόχρονος.

300 998 482 1068 CCCXXV.
505 993 718 1080 Ἡρόδοτος
733 996 846 1078 Λύξου
860 996 915 1063 καὶ
931 993 1356 1085 ΔρυούςἎλικαρνασσεδς

209 1109 277 1174 τῶν
302 1106 485 1189 ἐπιφανῶν,
508 1103 564 1170 καὶ
587 1100 737 1188 άδελφδν
761 1100 905 1190 ἐσχηκώς
928 1102 1116 1191 Θεόδωρον.
1158 1105 1297 1191 μετέστη
1320 1100 1353 1172 δ’

212 1215 248 1281 έν
267 1210 372 1301 Σάμῳ
397 1207 452 1277 διὰ
472 1208 649 1296 Λύγδαμιν
668 1207 728 1277 τὸν
748 1207 813 1277 άπὸ
830 1207 1034 1296 Ἀρτεμισίας
1052 1214 1167 1295 τρίτον
1185 1210 1355 1297 τύραννον

211 1318 395 1406 γενόμενον
414 1313 688 1403 Ἁλικαρνασσοῦ.
733 1319 933 1402 Πισίνδηλις
960 1315 1024 1401 γὰρ
1052 1306 1095 1402 ήν
1118 1315 1193 1397 υίδς
1214 1314 1356 1405 Ἀρτεμι-

174 1449 199 1486 10
213 1431 298 1509 σίας,
320 1428 382 1492 τού
406 1423 443 1491 δὲ
461 1423 705 1509 Πισινδήλιδος
724 1425 905 1510 Λύγδαμις.
952 1425 1003 1507 [έν
1027 1414 1090 1491 ούν
1113 1427 1154 1512 τῇ
1173 1423 1282 1517 Σάμῳ
1304 1424 1356 1493 καλ

211 1531 272 1618 τήν
292 1529 371 1598 ίάδα
388 1528 522 1617 ἠσκήθη
544 1529 729 1617 διάλεκτον,
748 1531 804 1599 καὶ
823 1535 968 1618 ἔγραψεν
987 1533 1139 1618 ίστορίαν
1158 1534 1197 1600 έν
1216 1537 1359 1618 βιβλίοις

211 1638 258 1725 θ’,
286 1637 469 1725 ἀρξάμενος
498 1635 562 1706 άπὸ
593 1638 712 1725 Κύρου
739 1641 801 1706 τοῦ
823 1639 960 1726 Πέρσου
986 1639 1042 1706 καὶ
1063 1637 1275 1708 Κανδαύλου
1299 1642 1358 1707 τού

212 1750 336 1814 Λυδῶν
360 1745 544 1831 βασιλέως]
592 1743 704 1813 έλθδιν
728 1743 764 1813 δὲ
789 1749 835 1824 είς
854 1742 1117 1835 Ἁλικαρνασσὸν
1142 1745 1199 1813 καὶ
1221 1743 1285 1814 τὸν
1305 1744 1357 1815 τύ-

213 1879 342 1939 ραννον
366 1851 530 1937 ἐξελάσας,
555 1850 667 1939 ἐπειδή
691 1849 834 1939 ύστερον
858 1849 947 1919 εἶδεν
972 1850 1092 1919 ἑαυτὸν
1116 1852 1359 1941 φθονούμενον

176 1981 200 2020 1⁵
215 1957 279 2027 ὑπὸ
308 1964 377 2027 τῶν
402 1963 564 2046 πολιτῶν,
593 1964 640 2038 είς
662 1957 699 2028 τὸ
723 1957 872 2047 Θούριον
895 1956 1150 2047 άποικιζόμενον
1173 1957 1241 2028 ύπδ
1264 1958 1359 2047 Ἀθη-

214 2071 319 2135 ναίιον
360 2064 539 2153 ἐθελοντής
570 2058 670 2153 ήλθε,
707 2064 804 2134 κάκεί
833 2065 1029 2153 τελευτήσας
1061 2068 1114 2135 ἐπὶ
1145 2070 1204 2155 τῆς
1237 2065 1360 2155 άγορᾶς

213 2175 384 2241 τέθαπται.
438 2173 526 2253 τινὲς
564 2172 600 2241 δὲ
637 2174 673 2240 έν
706 2175 851 2252 Πέλλαις
886 2169 990 2240 αύτὸν
1021 2178 1218 2262 τελευτῆσαί
1249 2195 1360 2263 φασιν.

215 2278 458 2367 ἐπιγράφονται
482 2278 519 2346 δδ
543 2281 578 2346 οί
598 2276 693 2364 λόγοι
718 2275 824 2347 αὐτοῦ
843 2282 992 2348 Μοῦσαι.

305 2403 503 2473 ΟΟΟΧΧἯ.
535 2401 727 2490 Ἡροφίλα
755 2399 776 2490 ή
801 2403 856 2470 καλ
880 2408 1032 2489 Σίβυλλα
1053 2402 1257 2493 Ἐρυθραία,
1284 2413 1361 2474 Θεο-

175 2535 201 2573 εο
216 2512 328 2596 δώρου
342 2510 505 2598 θυγάτηρ.
534 2515 656 2597 ἔγραψε
674 2515 788 2596 βιβλία
807 2509 853 2595 γ’,
872 2509 1014 2596 μαντικὰ
1034 2513 1164 2591 έπικιός,
1183 2512 1241 2580 καὶ
1257 2503 1359 2600 ήλθεν

215 2621 262 2697 είς
279 2614 410 2705 Ῥύμην
429 2619 466 2686 ἐν
484 2630 554 2697 τοῖς
572 2616 707 2704 χρόνοις
724 2619 792 2685 τῶν
811 2613 959 2704 ὑπάταν,
986 2616 1081 2685 άλλοι
1102 2617 1139 2686 δὲ
1161 2625 1360 2708 Ταρκυνίου,

217 2727 363 2791 δοκούσα
387 2723 719 2812 χρηματισθήσεσθαι
744 2720 788 2789 δι’
811 2722 932 2792 αὐτῶν.
979 2721 1024 2804 οδς
1053 2723 1090 2792 δδ
1112 2725 1360 2816 κατεφρονήθη,

215 2828 274 2909 τάς
297 2829 331 2915 β’
351 2831 530 2899 κατέκαυσε
553 2833 703 2917 βίβλους,
727 2825 766 2908 άς
788 2831 842 2897 καὶ
867 2835 981 2918 ἔτυχεν
1006 2833 1240 2922 ἐπιφερομένη.
1274 2858 1361 2921 περι-

216 2935 329 3022 εσώθη
351 2935 388 3004 δὲ
407 2934 427 3023 ἡ
446 2935 545 3024 λοιπή
571 2941 641 3022 μία,
660 2933 732 3022 ήτις
749 2935 804 3003 καί
823 2933 912 3025 παρά
931 2940 999 3005 τῶν
1014 2934 1188 3026 Ῥωμαίων
1207 2939 1360 3029 έξωνήθη

178 3068 204 3106 25
218 3046 345 3110 πολλοῦ
367 3041 555 3130 τιμήματος.

217 3206 243 3240 v.
257 3186 349 3254 Τήνος
363 3186 451 3240 restit.
468 3187 558 3256 Τηνία
573 3183 765 3253 66660166,
779 3186 850 3241 Mus.
864 3184 952 3243 Rhen.
960 3186 1078 3242 XXXIV
1091 3207 1120 3258 p.
1131 3193 1196 3257 5693
1212 3190 1249 3245 ci
1262 3190 1360 3261 Bergk,

217 3266 294 3320 Poet.
314 3266 376 3334 Lyr.
396 3285 423 3336 p.
444 3272 495 3320 928
581 3271 597 3319 3
617 3265 649 3319 δὲ
669 3282 722 3320 cm.
742 3269 818 3318 ΔΝ
841 3263 955 3337 ἐποίησε
978 3285 1034 3337 seq.
1053 3269 1194 3325 recentius
1218 3273 1284 3327 orta
1304 3288 1361 3327 οιεο

216 3361 272 3399 non
290 3345 422 3414 probavit
440 3347 538 3413 Dacb,
558 3345 605 3414 qui
624 3345 710 3399 etiam
730 3348 854 3400 extrema
872 3346 959 3403 verba
977 3349 1093 3424 τελευτᾷ
1112 3365 1170 3419 seq.
1196 3367 1232 3406 ex
1250 3351 1360 3407 Anthol.

217 3425 274 3494 Ip.
294 3432 345 3480 136
364 3427 452 3480 serius
476 3426 570 3480 efficta
592 3427 681 3495 putat.
720 3426 760 3481 Cf.
780 3426 886 3497 Bergk,
905 3428 923 3481 l.
944 3443 966 3483 ο.
986 3446 1013 3497 p.
1029 3434 1080 3483 926
1154 3424 1299 3503 4Ὁμήρῳ
1314 3434 1361 3485 BV

218 3511 277 3566 τοῖς
292 3500 414 3576 Ὁμήρου
432 3508 504 3576 νιιίγ.
521 3506 658 3561 Westerm.
1244 3570 1249 3577 ¹

291 3584 434 3640 cccxxv
454 3587 535 3640 phot.
549 3585 616 3640 bibl.
633 3603 659 3654 p.
677 3591 716 3639 19.
747 3583 787 3640 cf.
802 3585 896 3655 nauh,
912 3586 990 3643 cccc.
1005 3605 1033 3656 p.
1048 3593 1082 3641 οε
1137 3593 1154 3641 ε
1173 3607 1200 3644 v.
1216 3586 1362 3653 amcam

219 3664 355 3719 Herodoti
374 3667 464 3719 mater
478 3661 556 3720 Ῥοιύ
570 3668 687 3720 vocatur
744 3661 987 3734 8Ἇρτεμασίας11
1005 3661 1172 3737 ἈρτεμίαςΒ
1233 3672 1362 3727 9Πισίιι-

219 3746 302 3812 δηλος
320 3750 343 3797 v
426 3753 459 3800 10
478 3762 535 3814 seq.
556 3745 657 3800 Suidac
673 3745 768 3800 deberi
781 3748 864 3815 puta&
881 3747 1040 3801 Gutschmid
1124 3753 1157 3802 12
1176 3749 1228 3803 τού
1248 3750 1363 3821 Περσᾶν

220 3827 268 3891 (sc.
288 3824 431 3894 βασιλέως)
452 3827 521 3882 coni.
542 3828 639 3895 Βαιιθ,
660 3827 708 3882 sed
727 3827 760 3880 cf.
780 3830 816 3895 (v.
837 3824 1017 3897 Δημοκήδης)
1036 3830 1162 3896 Δαρείου
1181 3828 1233 3883 τοῦ
1253 3828 1362 3900 Πέρσου

220 3904 254 3959 al.
325 3911 358 3958 16
378 3900 433 3960 ὑπὸ
453 3911 548 3960 οιυ.Δ
622 3911 654 3959 18
674 3902 871 3975 ἐπεγράφοντο
889 3913 919 3962 V.
958 3907 997 3962 cf.
1018 3927 1043 3962 v.
1064 3904 1237 3979 Θεόπομπος
1256 3907 1315 3981 βητ.

292 3984 448 4039 ΟΟΟΧΧἯ
467 4002 520 4040 om.
537 3987 674 4041 Westerm.
713 3986 753 4042 cf.
773 4005 799 4040 v.
818 3988 944 4060 Σίβυλλα
964 3983 1131 4050 ’Λπόλλωνος
1151 3989 1180 4044 ολ
1198 3986 1307 4059 Mam,
1330 3990 1363 4045 de

220 4066 389 4134 Sibyllarum
408 4066 464 4120 ind.
484 4086 510 4136 p.
530 4068 642 4122 281106.
662 4072 695 4121 66
788 4072 819 4120 19
839 4069 926 4121 Σίλλα
943 4063 1117 4136 Ἐρυθραίου
1131 4074 1154 4121 V
1246 4075 1281 4124 22
1300 4090 1363 4141 γρη-

219 4142 448 4215 ματισθήοεσθαι
467 4152 489 4199 Δ
508 4150 579 4216 υαίγ,
599 4147 821 4216 γρηματίοεσθαι
839 4147 944 4202 Βιίιίιικ
1016 4153 1049 4201 23
1073 4143 1124 4211 τάς
1141 4145 1195 4217 μὲν
1212 4151 1286 4221 οαίγ.
1311 4148 1362 4220 μὲν

220 4245 272 4282 om.
292 4232 394 4280 Am
484 4224 639 4281 κατέκαυσε
659 4231 681 4278 Δ
705 4226 858 4314 κατέφλεξε
877 4229 949 4298 vulg.
973 4227 1019 4282 hic
1041 4227 1071 4281 in
1093 4232 1223 4298 marg]
1246 4228 1360 4301 legim:

221 4350 280 4405 οἷον
300 4353 448 4424 συμβαίνει
468 4347 497 4417 ἐξ
520 4346 691 4420 άπροοεξίας
713 4353 769 4406 τῶν
787 4320 803 4421 ή
822 4348 897 4406 κακά
914 4346 1135 4424 άποβλεπύντων
1152 4353 1209 4408 τῶν
1227 4348 1363 4424 κρατούν·

221 4449 276 4482 των
295 4428 365 4498 πρὸς
382 4429 417 4485 τά
439 4430 511 4485 καλά
