2880 5054
175 326 239 391 150
635 321 849 377 ussucfflus,

174 485 282 571 ρικός,
305 483 450 571 γεγονως
473 485 525 552 ἐπὶ
548 487 606 569 τῆς
629 480 783 561 ἁλώσεως
806 481 986 568 Σάρδεων,
1013 483 1185 567 Λνδιακά,
1208 485 1311 567 βιβλία

175 596 194 659 δ
200 594 217 659 ‘.
255 592 306 675 [έν
324 590 361 658 δέ
386 594 431 683 τῷ
457 590 491 676 β’
511 588 640 657 τούτων
668 592 795 676 ἱστορεῖ
812 585 856 667 ὡς
875 591 1005 676 πρῶτος
1023 587 1136 676 Γύγης
1155 585 1174 656 ὁ
1197 591 1313 657 Λυδόν

174 695 329 784 βασιλεύς
357 711 517 784 γυναῖκας
545 695 758 784 εύνούχισεν,
787 693 876 774 ὅπως
899 693 1016 775 αὐταῖς
1038 699 1148 788 χρῷτο
1172 692 1226 765 ἀεὶ
1247 722 1314 765 νεα-

176 804 331 888 ζοέσαις.]
370 795 482 887 [οὗτος
506 806 632 888 ίστορεῐ
653 799 671 870 ὁ
695 800 830 881 ,Ξάνθος
844 799 1009 888 ’Ἀλκιμόν
1029 827 1106 869 τινα
1125 805 1313 888 βασιλεῦσαι

112 970 114 974 .
150 914 234 997 ετῆς
264 911 367 978 ἐκεῖσε
394 908 517 998 χώρας,
549 908 787 995 εὐσεβέστατον
814 909 871 976 καὶ
897 906 1087 995 πραότατον
1116 908 1241 999 άνδρα·
1265 909 1314 977 καί

176 1013 226 1085 ἐπ’
259 1013 364 1085 αὐτοῦ
396 1018 555 1104 γενέσθαι
587 1016 725 1103 εἰρήνην
757 1021 902 1101 βαθεῖαν
933 1015 989 1082 καί
1020 1019 1171 1085 πλοῦτον
1204 1016 1314 1101 πολύν,

177 1121 283 1203 ἀδεῶς
311 1123 348 1191 δὲ
374 1123 431 1190 καὶ
457 1120 744 1208 άνεπιβουλεύτως
774 1124 832 1207 ζῆν
861 1123 1008 1191 ἕκαστον.
1055 1118 1126 1189 εἶτα
1155 1121 1267 1208 ἐπειδὴ
1287 1121 1312 1204 ζ’

179 1235 234 1316 ἔτη
262 1221 305 1316 ἦν
333 1234 378 1320 τῷ
399 1228 555 1320 Ἀλκίμῳ,
583 1228 813 1317 προελθόντας
840 1227 920 1309 τοὺς
942 1227 1080 1309 Λνδοδς
1106 1234 1268 1315 παγγενεί
1283 1254 1313 1295 τε

178 1336 234 1403 καὶ
257 1337 422 1423 πανδημεὶ
446 1336 696 1423 προσεύξασθαι
719 1335 774 1403 καὶ
799 1339 931 1421 αίτῆσαι
954 1340 1000 1429 τῷ
1020 1334 1165 1426 Ἀλκίμῳ
1188 1338 1314 1403 τοιαῦτα

142 1446 237 1527 ωέτη
268 1444 414 1528 δοθῆναι
445 1443 477 1522 ές
505 1440 543 1509 τὸ
575 1445 701 1509 Λυδῶν
731 1440 877 1527 ἀγαθόν·
909 1438 927 1510 δ
957 1444 1014 1511 καὶ
1041 1443 1177 1529 γέγονε,
1207 1441 1261 1509 καὶ
1282 1442 1312 1509 έν

181 1544 343 1639 εὐποτμίᾳ
365 1574 399 1615 τε
421 1548 478 1615 καί
501 1545 700 1638 εὐδαιμονίᾳ
724 1552 829 1638 πολλῇ
854 1552 996 1635 διῆγον]

268 1674 411 1741 DLXXI.
456 1675 688 1760 Ξέναρχος
719 1672 872 1759 κωμικός.
917 1677 985 1742 τῶν
1015 1671 1197 1760 δραμάτων
1219 1670 1311 1741 αὐτοῦ

180 1783 248 1849 ἐστι
277 1785 487 1865 Βονταλίων,
517 1778 567 1858 ὡς·
586 1777 767 1866 Ἀθήναιός
794 1799 898 1866 φησιν
927 1782 964 1848 έν
991 1778 1027 1865 β’
1045 1783 1115 1848 τῶν
1139 1788 1309 1848 Δειπνοσο

181 1890 322 1975 φιστῶν,
344 1887 399 1955 καί
424 1885 589 1974 Πορφύρα
612 1888 667 1954 καὶ
686 1885 834 1971 Σκύθαι,
858 1883 903 1966 ως
927 1883 945 1954 ό
965 1883 1077 1972 αὐτός,
1100 1887 1158 1954 καὶ
1177 1890 1309 1973 Δίδνμοι

142 1995 235 2061 τεκαὶ
259 1995 456 2073 Πένταθλος
479 1993 534 2059 καὶ
558 1999 726 2080 Πρίαπος,
742 1990 880 2078 Ὕπνος,
904 1993 1128 2081 Στρατιωτης.

269 2118 430 2184 DLXXII.
481 2113 770 2201 Ξενοκράτης
805 2113 999 2202 Ἀγάθωνος
1033 2113 1054 2203 ἢ
1085 2115 1308 2203 Ἀγαθάνορος,

181 2222 428 2308 Χαλκηδόνιος,
452 2221 605 2308 μαθητὴς
627 2224 682 2289 καὶ
707 2222 865 2309 διάδοχος
887 2220 968 2310 μετδι
991 2221 1214 2291 Σπεύσιππον
1234 2219 1308 2289 Πλά·

180 2356 287 2410 τωνος
310 2330 385 2420 (τοῦ
409 2328 446 2397 δὲ
469 2331 649 2415 Πολέμων,
679 2333 739 2396 τοῦ
763 2329 800 2397 δέ
823 2328 1014 2418 Κράντωρ).
1055 2330 1112 2398 καὶ
1137 2332 1308 2419 πέμψαντας

182 2435 271 2529 αύτῷ
290 2439 351 2504 τοῦ
374 2435 574 2514 Μακεδόνος
594 2432 814 2521 Ἀλεξάνδρον
842 2439 968 2522 χρνσοῦ
993 2434 1140 2506 τάλαντα
1163 2438 1196 2507 λ’
1227 2432 1308 2513 αύτὸς

141 2554 168 2594 2⁰
183 2542 383 2631 ἀπέπεμψεν,
407 2542 511 2611 είπδιν
533 2543 670 2628 βασιλέα
695 2545 828 2610 δεῖσθαι
851 2544 1041 2631 χρημάτων,
1065 2541 1106 2612 ού
1127 2544 1307 2633 φιλόσοφον.

183 2657 305 2739 ἔγραψε
329 2651 484 2738 περὶτῆς
507 2646 691 2728 Πλάτωνος
713 2654 887 2729 πολιτείας.

271 2768 449 2833 DLXXIII.
480 2763 753 2852 <Ξενοκράτης
771 2763 1032 2855 Ἀφροδισιεύς.>
1056 2760 1155 2849 οὗτος
1168 2760 1306 2852 σννεγρί-

256 3039 270 3086 1
290 3029 332 3087 dt.
349 3027 472 3100 Ἀθηνῶν
488 3031 635 3087 Ονοκιωκο
649 3048 714 3086 nam
728 3026 865 3100 Σάρδεων
880 3032 1011 3088 vitiosum
1028 3052 1088 3090 esse
1107 3036 1218 3091 constat
1231 3032 1306 3089 nuso

172 3113 295 3168 'Xantho
315 3131 376 3167 cum
396 3113 485 3166 altero
506 3111 592 3181 (Suid.
608 3131 633 3166 v.
649 3114 785 3180 Αἴσωπος)
804 3112 926 3182 confuso,
945 3113 994 3182 qui
1013 3116 1042 3169 et
1059 3115 1122 3185 ipse
1135 3115 1228 3185 Lydus
1243 3109 1305 3169 audit

184 3189 255 3248 2έν
279 3191 311 3248 δὲ
335 3193 372 3263 τῷ
395 3189 422 3265 β’
444 3222 478 3231 -
499 3189 666 3257 νεαζούσοιις
691 3192 839 3262 descripsit
859 3193 984 3249 Pseudo-
973 3195 1106 3265 NJHesycs
1125 3214 1149 3253 c.
1164 3204 1213 3263 493
1233 3197 1306 3252 locum

183 3272 307 3329 hausisse
323 3247 438 3328 Suidam
457 3287 491 3325 ex
505 3272 603 3327 eodem
618 3272 705 3343 fonte,
723 3290 779 3342 quo
797 3291 862 3327 usus
881 3275 925 3328 est
943 3275 1046 3329 Athen
1062 3274 1117 3330 XII
1135 3295 1163 3347 p
1179 3282 1236 3345 515,
1252 3268 1306 3329 ccci

185 3353 358 3422 Gctschmid,
376 3352 553 3407 Athenaeum
572 3368 638 3407 vero
652 3351 847 3447 neglegentius
866 3354 1047 3410 describendo
1063 3356 1184 3412 duorum
1200 3357 1306 3425 logogu

183 3434 304 3503 phorum
321 3432 435 3487 nomina
453 3434 626 3502 permutasse
698 3423 869 3494 4οότος-
887 3433 952 3489 exit.
971 3433 1111 3491 iterantur
1134 3455 1161 3493 v.
1182 3429 1306 3503 sumpt

184 3513 247 3567 add
267 3513 370 3567 Suidas
389 3530 422 3568 ex
440 3512 553 3566 Nicolai
570 3511 737 3568 Damasceni
755 3513 879 3569 historiis
897 3514 954 3584 (vel
972 3514 1065 3584 potius
1084 3533 1119 3571 ex
1137 3515 1245 3572 Aeliani
1259 3506 1306 3577 τειί

184 3594 319 3659 προνοίας
336 3593 422 3661 libro,
446 3594 520 3662 quod
541 3592 697 3662 suspicatur
716 3594 901 3663 Gutschmid),
923 3593 1023 3649 meritc
1042 3596 1180 3664 expunxit
1192 3596 1306 3651 ΠΜ

185 3671 225 3726 Of.
240 3672 310 3726 Mus.
328 3673 415 3726 Rhen.
431 3672 534 3726 XXXV
548 3692 575 3742 p.
593 3679 642 3726 192
716 3679 732 3727 5
751 3669 907 3742 ἄνθρωπον
925 3675 999 3745 vulp.
1017 3670 1112 3746 ἄνδρα
1130 3680 1207 3731 ΛΠ

256 3750 368 3804 DLXXI
388 3753 504 3807 Tractat
516 3752 645 3806 Meineke
656 3753 667 3805 I
678 3770 705 3820 p.
716 3759 781 3818 4343
796 3753 831 3808 ds
845 3752 906 3807 vita
920 3753 991 3807 dixit
999 3752 1092 3822 Βοιὼ,
1106 3756 1141 3811 de
1156 3753 1307 3825 auidum

187 3837 219 3885 12
233 3829 369 3902 κωμῳδός
383 3839 405 3884 V
462 3839 494 3887 13
508 3834 669 3886 Βοντοιλίων
685 3849 752 3887 corr.
765 3833 910 3887 Reinasius
928 3835 1084 3902 βονκολίων
1099 3840 1151 3889 AV
1171 3832 1307 3891 Βοναοίίθ1

120 3931 126 3936 ·
183 3914 255 3980 νκλγ.
281 3914 441 3966 Βονταλίων
465 3912 599 3967 excidisse
623 3913 705 3981 putat
727 3913 857 3980 Disdorf
880 3913 999 3967 eundem
1021 3912 1136 3970 fabulae
1162 3913 1268 3969 titulum
1284 3922 1307 3962 0¹

185 3992 287 4047 Suidae
307 3992 367 4047 vita
384 3993 460 4062 apud
477 3994 578 4048 Athen.
598 3992 624 4044 Π
642 4009 669 4061 p.
685 3999 718 4046 63
738 3991 942 4048 restituendum
960 4008 1018 4047 esse
1037 3993 1112 4048 vidit
1130 3988 1292 4051 Οοιοιιδοοιιι

255 4071 382 4126 DLXXII
412 4079 445 4127 16
461 4067 648 4141 Ἀγαθήνορος
662 4090 715 4126 om.
735 4067 959 4142 ἢἈγαθάνορος
972 4072 1054 4142 Πίογ.
1070 4072 1118 4143 IV,
1135 4081 1149 4128 1
1205 4076 1235 4128 18
1250 4072 1307 4133 Κῦί·

185 4147 354 4222 χηδόνιοςΕ
374 4154 409 4207 de
428 4154 589 4206 hocerrore
610 4152 643 4206 cf
663 4153 748 4208 etiam
767 4151 858 4221 Diels,
878 4151 998 4221 Doxogr.
1017 4170 1045 4221 p.
1062 4158 1113 4208 120
1132 4156 1221 4210 nott

186 4227 317 4294 διάκονος
336 4239 359 4284 Α
434 4238 466 4286 10
485 4232 563 4284 Hunc
582 4231 705 4286 fabulam
730 4231 895 4300 compilavit
914 4232 1035 4287 Pseudo·
1023 4231 1154 4303 NJHesyds
1173 4249 1196 4288 c
1210 4236 1253 4296 5ος
1246 4226 1307 4282 Ην

185 4312 281 4381 sychio
305 4311 496 4383 suppeditavit
514 4310 595 4382 Diog
615 4312 698 4381 IV‚8‚
720 4329 889 4381 quamquam
907 4313 994 4382 negat
1013 4312 1236 4421 Wsicmoscitss'us
1251 4301 1307 4378 spui

185 4391 277 4447 Maass
283 4393 403 4462 ‚Bioga
422 4412 448 4463 p.
467 4398 533 4447 161

257 4471 395 4526 DLXXIII
428 4479 461 4526 22
482 4467 662 4541 Ξενοκράτης
678 4467 899 4540 Ἀφροδισιεύς”
890 4489 952 4543 lpse
973 4471 1105 4543 supplevi
1121 4416 1184 4529 coll.
1204 4468 1305 4528 fluidi
