2910 5056
213 273 277 328 XVI
293 298 295 303 ·
638 275 923 332 PROLEGOMENA.

392 436 488 502 schol.
511 437 595 502 Plat.
1023 439 1137 505 suidas
1167 494 1171 499 .

217 544 354 626 Τίμαιος
381 541 416 607 ἐκ
440 544 582 625 Λοκρῶν
604 545 672 609 τῶν
689 538 772 609 'Erro
805 549 952 630 Τίμαιος,
963 544 1103 628 Λοκρός,
1114 541 1368 628 Πυθαγόρειος.

258 651 434 732 gravetur,
448 650 505 732 τῆς
527 648 563 713 ἐν
578 645 698 738 Ἰταλίᾳ
716 648 772 715 πό·
845 648 1076 738 μαθηματικά,
1109 649 1183 734 περὶ
1216 647 1364 735 φύσεως,

257 760 353 837 λεως,
392 752 579 839 φιλόσοφος
611 754 773 840 Πυθαγό·
845 758 919 843 περὶ
942 759 1003 825 τοῦ
1027 753 1239 841 Πυθαγόρου
1262 761 1352 841 βίου.

257 885 354 945 paros.
372 864 494 945 ἔγραψε
508 859 723 947 μαθηματικά
738 887 772 928 τε

257 967 313 1033 καὶ
327 965 404 1051 περὶ
419 964 552 1052 φύσεως
561 965 771 1055 σύγγραμμα,

256 1070 317 1141 τὸν
341 1071 585 1158 Πυθαγορικὸν
608 1073 743 1159 τρόπον.

213 1196 282 1274 Quo
302 1199 335 1263 in
358 1198 481 1264 scholio
500 1206 788 1266 commentatorem
807 1223 896 1266 more
916 1224 953 1266 ex
974 1202 1069 1267 solito
1089 1201 1272 1266 uberiorem
1290 1223 1362 1266 esse

213 1306 410 1390 alteramque
429 1305 515 1370 infra
528 1305 753 1389 Hesychianae
773 1309 858 1373 vitae
874 1308 1048 1394 adiungere
1063 1311 1206 1392 apparet.
1235 1305 1361 1372 Deinde

211 1412 391 1476 rectissime
414 1411 576 1477 Mettauer
605 1415 760 1480 iudicavit
784 1415 823 1480 de
846 1416 1091 1501 Aristophanis,
1114 1415 1233 1500 Anyti,
1261 1414 1360 1479 Mele-

212 1517 300 1601 tique
324 1517 401 1582 vitis
426 1518 471 1603 (p.
485 1519 630 1604 arist),
654 1521 925 1608 Chaerephontis,
947 1522 1133 1609 Agathcnis
1159 1519 1203 1608 (p.
1218 1521 1362 1609 255Η.),

211 1646 307 1707 quam
331 1625 429 1688 etiam
453 1626 487 1689 in
512 1626 611 1691 schol.
631 1627 764 1693 Luciani
783 1630 852 1694 cod.
871 1629 1003 1695 Barocc.
1018 1629 1061 1693 56
1076 1623 1226 1715 (Cramer
1240 1626 1362 1691 Anecd.

212 1733 311 1796 Oxon.
328 1731 375 1797 IV
394 1756 425 1817 p.
439 1733 519 1819 269)
539 1737 648 1799 extare
663 1735 753 1820 vidit,
770 1735 930 1820 Aspasiae
945 1734 990 1823 (p.
1005 1732 1142 1820 329H.),
1161 1755 1362 1818 quamquam

210 1839 368 1903 nonnulla
391 1860 430 1903 ex
453 1838 638 1925 Agathonis
662 1842 885 1928 Aspasiaeque
910 1843 1001 1919 vitis,
1034 1841 1124 1907 velut
1146 1840 1289 1924 initium,
1320 1843 1362 1905 ab

211 1943 369 2029 Hesychii
395 1946 526 2030 ingenio
557 1950 589 2023 et
621 1970 709 2013 more
738 1971 803 2014 non
827 1949 1001 2015 abhorrere
1028 1969 1219 2033 persuasum
1244 1945 1363 2012 habeo.

211 2049 361 2117 Ceterum
388 2074 429 2117 ne
453 2052 653 2135 Pythoclidis
682 2056 809 2139 quidem
838 2059 940 2121 vitam
967 2053 1011 2142 (p.
1031 2055 1095 2120 279
1111 2051 1167 2139 H.)
1173 2105 1182 2138 ,
1210 2055 1360 2135 quamvis

210 2180 287 2223 num
321 2181 359 2224 ex
391 2159 553 2242 Hesychia
585 2160 714 2224 fluxerit
745 2161 878 2226 dubium
907 2162 962 2247 sit,
995 2162 1125 2227 silentio
1153 2162 1362 2244 praetermit-

210 2268 279 2329 tere
302 2266 391 2331 libet

218 2384 222 2391 '
297 2371 501 2438 Difficillime
529 2379 637 2438 autem
662 2375 809 2458 quaestio
834 2375 872 2439 de
896 2373 1031 2459 Sibyllis
1055 2371 1118 2458 (VI
1141 2397 1172 2458 p.
1186 2374 1252 2438 269
1278 2373 1361 2460 seq.)

209 2485 300 2545 mota
328 2485 391 2565 est,
418 2486 589 2566 postquam
612 2481 774 2546 Mettauer
801 2504 832 2566 p.
847 2482 889 2546 58
918 2481 980 2546 hoc
1004 2503 1130 2565 quoque
1154 2480 1302 2546 scholion
1327 2489 1362 2544 et

209 2586 373 2673 Anonymi
397 2590 431 2654 in
453 2586 598 2653 Grameri
617 2589 736 2654 Anecd.
749 2589 821 2653 Par.
836 2588 852 2652 l
870 2612 901 2674 p.
916 2589 981 2652 332
1001 2610 1066 2672 seq.
1081 2590 1114 2651 et
1133 2572 1239 2653 Anon.
1257 2587 1361 2671 praef.

209 2693 301 2759 Orac.
324 2693 389 2760 Sib.
415 2692 478 2782 (ed.
501 2696 592 2761 Alex.
615 2718 646 2779 p.
674 2694 729 2781 16)
765 2717 803 2760 ex
836 2695 1000 2780 Hesychio
1033 2693 1165 2758 fluxisse
1197 2695 1359 2778 exposuit.

209 2798 409 2885 Sibyllarum
433 2824 508 2866 vero
533 2803 628 2887 vitas,
651 2823 731 2885 quae
755 2802 790 2866 in
810 2800 926 2866 Suidae
946 2801 1048 2866 lexico
1068 2804 1262 2866 enarrantur
1281 2798 1315 2887 (i.
1330 2822 1357 2865 e.

208 2905 433 2991 Thesprotidis
458 2914 491 2973 et
515 2910 672 2992 omnium,
696 2930 778 2993 quae
804 2907 1023 2995 antecedunt),
1046 2909 1073 2973 si
1097 2908 1136 2972 ad
1156 2907 1378 2992 Hesychium·

207 3014 390 3099 referimus,
415 3015 535 3099 quade
555 3037 589 3079 re
602 3008 800 3100 Maassium,
824 3015 862 3079 de
882 3014 950 3081 Sib.
963 3037 995 3099 p.
1010 3016 1053 3080 55
1077 3037 1141 3098 seq.
1165 3017 1252 3080 recte
1275 3014 1356 3079 iudi-

207 3142 296 3185 casse
325 3121 432 3205 video,
460 3122 598 3186 indicem
625 3121 847 3207 Platonicum,
875 3123 932 3206 qui
959 3144 978 3186 a
1006 3123 1082 3203 Σιβ.
1111 3117 1280 3205 Σαμβήθη
1309 3122 1356 3184 in-

207 3228 303 3293 cohat
331 3227 433 3315 (quod.
461 3250 580 3294 nomen
609 3210 807 3314 anonymum
833 3229 970 3314 praefat.
995 3228 1086 3293 Orac.
1109 3229 1130 3293 l.
1149 3251 1175 3293 c.
1193 3228 1354 3292 addidisse

208 3334 318 3399 docuit
336 3335 446 3400 Maass
470 3359 501 3420 p.
516 3338 558 3402 38
579 3359 644 3422 seq.
663 3341 696 3401 et
713 3335 772 3424 43)
795 3337 834 3401 de
853 3338 1027 3421 Anonymo
1048 3336 1187 3420 pendere
1206 3339 1352 3419 apertum

206 3444 265 3506 est.
273 3439 297 3527 ¹)
343 3443 457 3506 Altera
484 3448 591 3508 autem
616 3447 705 3509 extat
728 3444 889 3529 quaestio,
917 3466 995 3509 num
1019 3442 1182 3527 copiosior
1206 3440 1350 3527 Sibyllae

206 3546 389 3613 Chaldaeae
408 3549 485 3633 vita,
503 3572 599 3634 quam
618 3550 865 3616 illustraverunt
883 3554 1011 3634 praeter
1032 3549 1131 3616 schol.
1149 3548 1350 3614 Platonicum

205 3655 397 3739 Anonymus
416 3657 451 3719 in
465 3654 605 3722 Cramer.
620 3657 738 3722 Anecd.
753 3657 773 3721 l.
788 3681 812 3723 c.
828 3680 893 3742 seq.
908 3661 941 3721 et
959 3659 1028 3743 ipse
1052 3656 1177 3741 SuidaS,
1195 3656 1350 3741 Hesychii

205 3784 275 3827 esse
299 3763 456 3827 credenda
480 3764 532 3830 sit.
578 3763 669 3841 Quod
696 3766 829 3850 negavit
852 3764 960 3829 Maass
988 3787 1018 3849 p.
1038 3767 1080 3830 56
1108 3767 1242 3850 propter
1270 3764 1350 3827 chri·

278 3939 303 4006 1)
322 3938 469 4008 Anonymo
488 3957 539 3996 sua
553 3941 746 4012 suppeditavit
759 3940 930 4008 Lactantius,
949 3941 1016 3994 Inst.
1031 3941 1052 4006 Ι,
1067 3946 1083 3992 6
1099 3957 1166 4008 seq,
1185 3939 1233 4008 qui
1253 3939 1351 3994 Varro·

204 4018 248 4072 nis
271 4019 432 4075 testimonio
456 4022 552 4077 utitur.
589 4023 699 4077 Primus
722 4022 864 4091 perspexit
888 4015 1060 4089 Alexandre,
1083 4022 1148 4088 post
1171 4035 1234 4073 eum
1259 4019 1351 4073 Maass

204 4099 222 4151 l.
243 4117 266 4155 c.
285 4118 312 4170 p.
329 4106 362 4155 37
378 4117 435 4169 seq.
474 4101 551 4167 Quae
574 4102 714 4158 infirmare
737 4102 842 4156 frustra
866 4101 961 4156 studet
979 4101 1118 4155 Mettauer
1136 4099 1154 4153 l.
1175 4115 1196 4152 c.
1217 4129 1251 4138 -
1275 4099 1350 4154 Idem

204 4180 235 4233 in
255 4196 288 4234 eo
307 4197 416 4250 quoque
435 4181 553 4250 erravit,
572 4183 646 4250 quod
664 4183 737 4236 vitas
757 4183 854 4237 decem
873 4181 1044 4251 Sibyllarum
1062 4199 1080 4234 a
1097 4180 1257 4248 praefatore
1272 4180 1351 4236 Orac.

205 4260 262 4314 Sib.
280 4262 300 4315 l.
318 4280 341 4316 c.
361 4260 463 4332 (Maass
478 4281 504 4332 p.
520 4265 565 4330 38)
581 4279 615 4317 ex
629 4263 768 4332 Hesychio
783 4263 937 4332 descriptas
951 4261 1070 4329 iudicat,
1089 4276 1259 4328 quamquam
1274 4277 1349 4330 pror-

204 4358 250 4394 sus
270 4341 392 4397 diversas
411 4359 458 4398 eas
477 4361 537 4398 esse
556 4346 674 4398 constat.
710 4345 839 4400 Ceterum
858 4343 892 4397 cf.
912 4359 984 4410 quae
1003 4341 1061 4396 dixi
1076 4341 1175 4395 Annal.
1192 4341 1261 4409 phil.
1283 4346 1347 4395 1881

204 4439 230 4495 p.
248 4427 298 4477 106
313 4440 370 4493 seq.
