2910 5056
224 291 311 346 axvi
654 250 938 349 nnonncounuu.

226 457 297 538 ipso
326 453 425 519 Suida
457 454 631 538 adscripta.
677 455 787 521 Verba
816 444 913 556 οὗτος
931 477 998 540 seq.
1026 459 1111 520 certe
1144 478 1182 520 ex
1213 454 1374 542 Sophron.

226 585 251 626 c.
268 563 309 626 13
332 585 352 625 a
375 560 473 626 Suida
496 561 681 646 compilata.

314 678 409 743 Aliae
430 700 556 763 quoque
571 678 669 760 vitae,
688 678 778 743 velut
792 677 940 761 Damasi,
955 679 1106 763 Dionysii
1120 678 1374 764 Alexandrian),

225 785 372 871 Ensehii,
400 785 549 869 Gregorii
576 784 750 870 Theodori,
779 785 873 871 Greg.
899 775 1090 870 Nyssensis,
1119 785 1240 851 lustini
1272 786 1374 871 philo

226 892 334 976 sophi,
358 892 441 957 Iusti
466 892 664 957 Tiberiensis
691 893 802 957 eadem
828 893 866 957 de
886 915 983 957 causa
1002 894 1043 958 ab
1063 892 1228 976 Hesychio
1253 895 1374 978 partim

226 1019 264 1061 ex
288 996 468 1081 sophronio
493 999 671 1083 descriptae
696 999 845 1063 videntur
868 1020 951 1082 esse,
976 1021 1069 1083 quas,
1095 1022 1167 1063 cum
1197 1021 1263 1064 non
1292 1002 1374 1066 satis

227 1104 266 1168 de
290 1126 329 1168 ea
351 1126 384 1168 re
408 1110 548 1189 constet,
571 1107 604 1170 in
629 1107 734 1172 medio
757 1106 949 1190 relinquam.

314 1218 439 1303 Restat,
464 1224 500 1285 ut
523 1222 745 1317 quaestionem
770 1222 989 1307 instituamus,
1012 1244 1074 1305 quo
1098 1243 1137 1285 ex
1161 1223 1264 1287 altero
1284 1222 1376 1288 fonte

226 1327 316 1391 iuxta
330 1324 547 1412 Sophronium
562 1325 746 1410 Hesychius
762 1351 820 1391 sua
836 1328 876 1392 ad
891 1328 976 1392 vitas
991 1330 1159 1392 auctorum
1180 1329 1376 1393 eeclesiasti-

227 1456 338 1498 corum
363 1433 589 1498 describendas
613 1433 768 1499 hauserit.
814 1434 923 1518 Atque
946 1437 1011 1498 iam
1031 1433 1112 1499 Mus.
1131 1434 1233 1500 Rhen.
1248 1435 1376 1500 XXXV

226 1563 256 1624 p.
275 1541 336 1604 199
348 1562 413 1624 seq.
443 1540 606 1605 Theodori
630 1540 791 1624 hectoris,
816 1542 984 1625 scriptoris
1008 1543 1178 1607 clarissimi
1204 1542 1260 1628 (cf.
1280 1543 1377 1609 Phot.

225 1646 311 1710 bibl:
323 1670 354 1730 p.
373 1645 467 1732 222),
486 1647 668 1715 ,historiam
699 1648 965 1732 ecclesiasticam,
994 1672 1091 1733 quam
1118 1649 1228 1713 laudet
1258 1648 1377 1714 Suidas

227 1776 255 1817 v.
289 1750 468 1836 Διόδωρος
504 1751 660 1840 pocritae
696 1754 928 1840 (fragmentum
966 1761 1055 1820 extat
1096 1757 1129 1820 in
1167 1757 1214 1820 ed.
1248 1757 1378 1823 Valesii

226 1882 257 1942 p.
277 1860 341 1925 569
353 1884 428 1946 seq„
452 1862 571 1948 Migne,
590 1861 713 1927 Patrol.
727 1861 903 1945 LXXXVI,
925 1865 987 1946 lp.
1002 1857 1098 1947 215),
1119 1861 1242 1927 fontem
1270 1863 1377 1949 Hesy-

227 1967 292 2031 chii
314 1966 435 2033 Milesii
457 1970 491 2033 in
515 1970 591 2034 vitis
613 1970 864 2034 christianorum
884 1972 1050 2034 auctorum
1059 1965 1096 2054 ²),
1119 1970 1174 2053 qui
1193 1973 1271 2052 post
1291 1969 1377 2036 Con-

227 2075 363 2139 stantini
388 2080 527 2140 aetatem
551 2077 714 2159 vixerunt,
742 2076 843 2140 luisse
868 2076 1051 2159 suspicatus
1080 2097 1164 2158 sum,
1197 2077 1285 2158 quod
1314 2076 1378 2141 hae

227 2181 448 2265 disputatione
481 2183 601 2246 certius
634 2181 794 2247 redditum
826 2205 897 2246 esse
933 2183 1067 2248 confide.
1117 2180 1203 2245 Nam
1234 2203 1309 2246 eum
1338 2205 1378 2247 ex

227 2287 285 2351 illa
308 2289 375 2352 vita
393 2288 601 2371 Hesychiana
621 2288 827 2353 Theodorum
839 2283 1013 2353 ‘hectorem
1037 2289 1070 2351 in
1089 2287 1260 2352 historiam
1282 2312 1377 2354 suam

227 2396 469 2460 accuratissime
507 2397 606 2460 etiam
642 2396 800 2460 librorum
833 2396 962 2459 tabulas
995 2396 1157 2460 derivasse
1190 2397 1377 2481 concludas

227 2501 427 2584 Hesychium
452 2507 485 2567 et
509 2501 683 2586 Sophronii
712 2505 745 2566 et
771 2506 940 2586 praeterea
963 2501 1124 2566 Theodori
1152 2499 1302 2567 Lectoris
1331 2505 1376 2568 in·

227 2609 312 2674 dices
351 2611 544 2695 compilasse
577 2633 634 2694 per
665 2632 699 2674 se
731 2610 864 2693 patebit.
920 2607 1079 2672 Omnibus
1112 2608 1197 2672 enim
1230 2609 1264 2674 in
1299 2611 1378 2674 vitis

227 2717 433 2799 potissimum
457 2718 537 2783 duos
560 2717 717 2782 librorum
741 2715 862 2779 indices
882 2717 1059 2798 permixtos
1080 2719 1112 2779 et
1131 2715 1284 2781 confusos
1306 2740 1377 2783 esse

228 2828 372 2907 apparet.
398 2823 573 2888 Cuiusnam
590 2827 697 2886 autem
712 2823 837 2906 generis
857 2829 1005 2887 auctores
1019 2822 1257 2888 ecclesiasticos
1271 2824 1378 2911 Hesy-

227 2929 319 2993 chius
347 2931 381 2994 in
410 2931 512 2994 lexico
541 2952 599 2993 suo
627 2951 692 2994 non
715 2929 933 3015 neglegendos
958 2951 1027 2993 esse
1050 2929 1223 3014 censuerit,
1251 2930 1379 2996 iamin

227 3036 333 3118 primo
358 3036 616 3120 Prolegomenon
639 3035 745 3118 capite
770 3036 913 3119 exposui.

143 3168 224 3245 §11
316 3152 436 3216 Mirum
468 3152 603 3236 denique
631 3151 756 3216 videtur
785 3174 868 3235 esse,
903 3151 987 3234 quod
1016 3151 1114 3215 etiam
1142 3133 1379 3221 nonnullorum

228 3258 483 3324 Romanorum
508 3262 707 3325 auctorum
731 3259 815 3323 vitas
833 3256 1015 3340 Hesychius
1038 3258 1140 3323 lexico
1165 3283 1224 3325 suo
1246 3261 1379 3347 biogra-

227 3366 323 3448 phico
351 3366 500 3450 inscruit,
529 3388 723 3450 quamquam
747 3387 781 3430 se
804 3364 944 3430 Graecos
969 3368 1097 3430 tantum
1122 3388 1192 3431 esse
1215 3370 1377 3435 tractatu-

228 3495 298 3536 rum
332 3474 422 3538 nullo
451 3475 523 3539 loco
552 3473 759 3558 praedicavit.
810 3470 893 3536 Sunt
921 3477 1029 3537 autem
1054 3466 1200 3549 Ἀσίνιος
1227 3478 1379 3540 Πωλίων

229 3576 284 3662 (cf.
303 3578 479 3666 Πωλίων),
508 3568 703 3663 Αὕγοὺστος
726 3583 875 3662 Καῖσαρ,
905 3574 1049 3662 Βάρρων
1075 3577 1126 3663 (de
1151 3601 1213 3663 quo
1237 3580 1284 3643 nil
1310 3604 1379 3646 om·

227 3686 305 3750 nino
329 3691 466 3780 constat,
489 3687 553 3751 nisi
577 3687 726 3751 mendum
751 3687 783 3750 in
807 3685 936 3750 nomine
959 3683 1071 3770 latet),
1090 3687 1251 3768 Βροῦτος,
1275 3685 1382 3764 Γάϊος

226 3785 366 3868 Ἰούλιος
388 3797 537 3877 Καῖσαρ,
563 3790 665 3870 Γάϊος
688 3799 839 3877 Καῖσαρ,
863 3789 995 3868 Εὕοδος
1013 3787 1152 3873 Ῥόδιος,
1176 3788 1381 3878 Empiricos,

228 3903 360 3983 Καῖσαρ
393 3900 557 3988 Τιβέριος,
590 3896 803 3977 Κλαυδιανὸς
828 3893 1077 3984 Ἀλεξανδρεύς,
1116 3895 1334 3984 Τράγκυλλος
1362 3896 1380 3966 ὁ

228 4003 459 4091 Σουητώνιος,
483 4031 560 4073 nam
583 4007 745 4072 luvenalis
770 4007 872 4072 vitam
897 4029 913 4070 e
936 4006 1077 4070 Malalae
1100 4004 1264 4090 historiis,
1288 4006 1382 4074 Cice·

301 4203 327 4269 1)
352 4201 394 4255 De
416 4203 470 4255 hoc
492 4202 552 4255 iure
575 4200 686 4254 dubites
711 4200 774 4257 coll.
794 4200 878 4271 Soph.
898 4217 920 4254 c.
941 4205 983 4253 69.
1008 4231 1041 4240 -
1066 4198 1186 4254 Omnino
1205 4199 1381 4271 Hesychinm

229 4284 357 4336 auctores
376 4281 582 4337 ecclesiasticos
600 4281 734 4334 tractasse
754 4285 840 4351 negat
859 4281 951 4350 Daub,
972 4280 1050 4335 Stud.
1070 4297 1097 4348 p.
1115 4285 1173 4333 130.

299 4365 325 4432 2)
346 4361 388 4416 De
407 4363 504 4417 eodem
524 4378 598 4415 nunc
617 4359 650 4413 cf.
672 4360 811 4431 Saurania,
831 4363 865 4414 dc
884 4360 1031 4415 Theodoro
1045 4360 1176 4429 hectore,
1196 4360 1383 4432 Theophanis

228 4443 305 4498 fonte
323 4443 488 4514 praecipuo,
508 4443 538 4497 in
557 4442 662 4497 Comm.
681 4441 750 4510 phil.
769 4443 827 4499 len.
847 4460 873 4512 p.
890 4445 941 4495 165
955 4456 1011 4510 seq.
