2910 5056
585 299 868 358 racnuoounnr.
1197 303 1303 387 ³mvn

153 481 276 549 σοφος,
302 466 388 550 quod
405 467 440 530 in
455 466 571 532 Suidae
585 448 677 533 libris
692 466 879 552 corruptum
899 470 949 531 est
971 468 1005 531 in
1020 470 1191 551 Λεττίτης,
1211 466 1303 552 φιλό-

155 589 263 655 σοφος
282 570 419 658 (Aeaeis
438 569 475 638 dl
494 571 587 660 seq),
612 573 715 659 quode
735 573 774 639 cf.
793 597 822 638 v.
837 575 973 657 Κρίτων
988 577 1083 658 Πιερ.
1097 575 1150 655 al.;
1174 596 1202 638 v.
1220 569 1303 637 Μοί-

151 704 220 745 ναι
225 704 322 765 χμος
345 681 459 745 melius
478 680 579 746 habet
597 682 644 758 είς
662 675 726 764 τὴν
744 683 848 745 Πλατ.
866 682 1037 746 πολιτείαν
1054 703 1114 765 pro
1132 676 1191 756 τὰς
1210 684 1302 744 κολι-

152 788 244 863 τείας
267 784 322 872 (cf.
346 783 516 872 Ποτάμων
536 782 612 870 Ἀλ,
635 784 792 872 Πρόκλος
814 790 908 870 Λυκ,
932 783 1116 873 Συριανόςε
1143 787 1181 852 cf.
1205 787 1302 851 etiam

150 882 405 980 Ὁνόσανόρος);
429 916 457 959 ν.
477 898 687 969 Μουσαῖος
707 887 770 958 Ἐλ.
791 893 860 957 sola
879 892 960 978 legit
981 887 1064 978 ὑπὲρ
1087 893 1145 976 τῆς
1158 886 1302 976 Ἑλένης,

150 1000 238 1083 quod
252 1000 403 1085 probavit
417 1000 616 1086 Passowius3
635 1023 663 1064 v.
673 997 957 1084 Ναυσικράτης
971 1001 1090 1064 rectius
1104 999 1204 1064 habet
1215 1004 1302 1083 Περ-

150 1108 214 1189 σίς,
234 1107 319 1191 quod
337 1106 450 1171 laudat
464 1105 622 1191 Meineke,
641 1107 697 1170 rel.
713 1104 853 1187 Πέρσις;
867 1129 896 1172 v.
907 1108 1168 1190 Παλαίφατος
1181 1108 1301 1173 rectius

150 1213 283 1277 titulum
311 1213 411 1278 tradit
437 1210 513 1297 περὶ
541 1206 693 1278 ἀπίστων
721 1213 895 1302 ἱστοριῶν,
924 1235 1019 1297 quem
1048 1214 1146 1278 etiam
1176 1214 1300 1279 codices

150 1320 247 1385 nobis
271 1321 391 1386 servati
415 1320 581 1406 exhibent,
609 1343 638 1385 v.
662 1326 699 1385 H
702 1325 832 1404 αλαιφ.
855 1344 952 1405 γραμ.
981 1325 1067 1385 recte
1095 1320 1175 1406 legit
1201 1314 1300 1403 ἀλλη-

149 1430 269 1512 γορίας
295 1449 353 1510 pro
382 1429 454 1504 λιάς
481 1427 533 1492 vel
560 1423 673 1503 λύσεις
700 1426 789 1493 codd.
813 1428 863 1492 vel
888 1427 970 1511 edd,
998 1427 1084 1511 quod
1113 1449 1170 1492 suo
1194 1427 1299 1492 Marte

111 1545 113 1548 ⁴
149 1533 242 1598 illam
267 1538 408 1599 mutasse
427 1556 494 1599 non
512 1535 632 1618 probat
649 1532 757 1616 Daub,
781 1533 819 1598 de
834 1532 919 1598 Viol.
936 1556 967 1616 p.
984 1534 1042 1615 223
1064 1556 1093 1598 v.
1109 1517 1298 1618 Παμφίλη

147 1640 251 1705 habet
274 1637 461 1726 φιλόσοφος
479 1639 534 1706 καὶ
554 1637 716 1726 ίστορική,
742 1641 827 1724 quod
842 1642 947 1726 magis
968 1663 1041 1706 cum
1055 1639 1212 1723 Hesychii
1228 1662 1301 1705 con·

150 1748 321 1835 suetudine
349 1748 503 1834 concinit,
532 1771 609 1813 nam
639 1747 756 1814 Suidae
784 1749 882 1813 lectio
911 1746 1047 1833 rigidior
1076 1743 1183 1831 σοφή,
1216 1749 1301 1833 quod

148 1853 235 1917 nihil
257 1875 328 1918 esse
351 1854 466 1938 opinor
483 1852 584 1948 ³(nam
608 1856 717 1940 glossa
740 1877 767 1918 v.
790 1850 1038 1938 Σαγχωνιοίθης
1061 1891 1099 1900 -
1125 1849 1231 1937 σοφός
1253 1855 1300 1918 nil

148 1959 337 2025 confirmari
356 1959 501 2047 opinor),
527 1984 554 2027 v.
569 1962 823 2046 Πείσανδρος
841 1964 987 2046 praestat
1005 1954 1162 2045 ἡρωικῶν
1179 1966 1299 2044 θεογα-

148 2067 250 2150 μιῶν,
270 2068 356 2152 quod
370 2089 443 2132 cunr
457 2069 507 2132 vel
523 2067 641 2134 Zosim.
654 2068 695 2153 V,
709 2069 752 2134 29
771 2069 914 2154 legatur,
933 2067 1052 2132 rectius
1068 2089 1137 2133 esse
1152 2066 1302 2132 viderunt

149 2173 269 2258 critici,
293 2197 390 2259 quam
404 2173 521 2240 Suidae
541 2170 690 2260 ίγραικῶν
704 2182 797 2259 θεογ.
811 2176 981 2258 vitiosum3
1004 2198 1033 2239 v.
1048 2177 1202 2259 Πίγρης
1220 2175 1300 2260 sola,

148 2283 188 2344 ut
216 2280 357 2366 videtur,
389 2286 464 2365 post
486 2283 613 2346 Μοῦσα
641 2304 704 2348 om.
733 2276 922 2365 οὐλομένην
950 2280 1095 2365 glossam
1123 2303 1162 2346 ex
1188 2281 1299 2347 Iliadis

148 2408 248 2452 versu
281 2387 321 2471 ab
350 2387 460 2471 inepto
489 2387 623 2453 librario
651 2390 826 2472 intrusam,
859 2411 957 2473 quarn
980 2387 1173 2453 addiderunt
1196 2387 1300 2453 ΑΒΜ

148 2492 225 2557 Ald.
241 2493 295 2576 al.;
319 2517 348 2558 v.
362 2492 553 2582 Πολέμων
573 2491 691 2578 Εὐηγ.
710 2499 787 2580 post
806 2497 966 2571 Γλυκείας
985 2517 1047 2559 om.
1067 2488 1189 2578 όνομα,
1213 2495 1298 2580 quod

148 2601 257 2686 magis
277 2622 349 2665 cum
364 2601 518 2686 Hesychii
532 2603 693 2668 locutione
709 2623 887 2688 congruere
907 2623 1006 2685 supra
1029 2600 1107 2684 dixi3
1131 2625 1160 2667 v.
1175 2601 1300 2667 Συνέ-
1363 2683 1370 2690 .

149 2724 238 2783 σιος
262 2708 360 2773 verba
378 2706 432 2773 καὶ
455 2703 574 2785 τὰς-
593 2705 766 2786 ε’τιιστολόις
785 2732 804 2773 a
822 2730 911 2773 more
930 2706 1137 2790 Hesychiano
1161 2729 1227 2772 uon
1250 2729 1298 2772 re·

148 2813 267 2879 cedens
291 2819 365 2880 ante
387 2813 442 2880 καὶ
465 2811 550 2880 όίλλα
569 2820 706 2880 πλεῖστα
729 2819 815 2881 recte
840 2814 1024 2898 collocavit3
1048 2836 1077 2879 v.
1096 2810 1300 2896 Συριανός

147 2917 206 3004 (cf.
221 2914 360 3004 Ὀρφεύς
378 2926 411 2987 et
430 2918 557 3009 Χάραξ)
577 2923 678 2989 verba
696 2925 897 3008 συμφωνίαν
914 2917 1068 3006 Ὀρφέως,
1087 2917 1299 3004 Πυθαγόρου

149 3024 207 3090 καλ
225 3023 410 3105 Πλάτωνος
432 3025 507 3113 περὶ
530 3025 570 3093 τὰ
593 3024 691 3112 λόγια
714 3030 881 3115 coniungit
899 3031 1057 3112 tanquam
1076 3028 1170 3093 unius
1190 3030 1297 3112 operis

121 3134 305 3231 ,indicem
337 3134 424 3220 quod
456 3159 567 3202 verum
597 3159 671 3202 esse
704 3137 864 3223 probatur
879 3130 1011 3201 'Marini
1038 3135 1141 3200 Procl.
1170 3135 1213 3199 26
1245 3130 1299 3219 (τὰ

146 3235 293 3325 Ὀρφέως
315 3235 336 3326 ἢ
359 3237 399 3307 τόι
424 3239 551 3329 λόγια);
575 3243 780 3328 praeferebat
803 3243 903 3308 etiam
927 3241 1127 3325 Bernhardy.
1135 3238 1160 3327 1)

241 3364 331 3432 Haec
362 3367 524 3451 exempla,
557 3388 638 3451 quae
670 3370 796 3432 textum
825 3363 943 3430 Suidae
971 3385 1140 3431 recensens
1172 3365 1299 3450 collegi,

150 3471 222 3536 siue
250 3467 348 3538 dubio
381 3472 536 3538 facillime
569 3474 681 3560 augeri
713 3477 860 3559 possunt.
909 3472 957 3536 At
983 3473 1044 3538 vel·
1063 3494 1102 3536 ex
1130 3472 1186 3556 iis,
1217 3494 1299 3557 quae

149 3576 248 3643 modo
280 3582 478 3665 enumeravi,
508 3582 678 3666 plerasque
708 3582 871 3647 Eudociae
903 3581 989 3645 vitas
1021 3601 1080 3643 neo
1112 3579 1151 3644 de
1180 3577 1298 3644 Suidac

148 3684 244 3749 libris
268 3687 497 3771 manuscriptis
520 3710 579 3754 nec
602 3688 640 3753 de
660 3689 755 3753 editis
779 3687 919 3774 pendere
941 3687 1059 3754 iudico,

241 3809 479 3890 Theodosianis
511 3812 549 3876 de
582 3814 656 3878 vitis
689 3812 893 3898 Apollonii
915 3812 1083 3898 Dyscoli
1117 3816 1150 3877 et
1176 3797 1382 3904 Hero-'55

148 3917 260 3983 diani
288 3917 324 3983 in
347 3915 515 4003 Sylburgii
537 3917 704 4003 Apollonii
732 3920 815 3984 libro
844 3919 1066 4004 manuscripto
1090 3923 1123 3983 et
1144 3920 1204 3985 cod
1227 3920 1299 3986 Par.

147 4024 240 4089 2603
264 4025 402 4090 servatis
427 4048 524 4110 supra
547 4026 613 4090 dixi
636 4024 671 4112 (ἕ
685 4025 731 4112 3).

240 4146 292 4213 De
315 4148 486 4236 Anonymo
511 4151 545 4215 in
569 4148 710 4218 Cramer.
735 4150 855 4217 Anecd.
878 4152 951 4218 Par.
980 4152 996 4216 I
1018 4176 1049 4237 p.
1065 4153 1129 4219 332
1150 4174 1215 4237 seq.
1238 4175 1298 4218 nec
1321 4163 1341 4243 g
1362 4163 1381 4227 6

226 4445 252 4511 1)
272 4441 440 4498 Coniectura
457 4441 522 4512 περὶ
540 4444 596 4496 τόν
614 4445 716 4512 λογίων
735 4445 835 4500 melius
854 4445 1037 4501 abstinuisset
1054 4443 1196 4500 Kusterus.
