2910 5056
623 294 837 352 Haeremus,
1189 372 1191 376 Ι
1234 299 1300 363 215

154 455 296 541 ἐξύφανε
331 455 441 544 ψόφον
477 455 522 524 δι’
553 459 714 543 ἐμμελοῦς
744 482 836 536 τινος
863 456 1053 543 ποιήματος.
1104 463 1227 545 ἔγραψε
1263 460 1300 530 δὲ

156 565 349 652 [κωμῳδίαν
373 572 419 644 είς
442 589 476 631 τε
501 561 562 631 τὸν
585 561 689 632 αὐτὸν
708 565 930 652 Θεμιστοκλέα
953 565 1007 632 καλ
1031 569 1079 645 είς
1101 571 1300 655 Σιμωνίδην

153 667 214 737 τὸν
238 668 433 756 μελοποιόν]
457 671 513 738 καὶ
536 668 630 739 άλλα.

241 778 476 846 DOOXOVIII.
517 778 715 866 Τιμόλαος
733 783 916 866 Λαρισαῖος
940 781 974 847 ἐκ
992 783 1218 867 Μακεδονίας,
1241 780 1298 870 ῥή-

152 910 231 970 τωρ,
254 880 486 971 Ἀναξιμένους
508 888 568 953 τοῦ
592 888 824 972 Λαμψακηνοῦ
847 884 1010 973 μαθητής,
1034 883 1071 967 δς
1093 886 1149 954 καὶ
1171 908 1325 974 ποιητι-ῡ

153 995 218 1070 κός
242 996 328 1078 ἔχων
350 993 553 1077 παρενέβαλε
576 995 615 1080 τῇ
643 988 758 1059 Ἰλιάδι
782 997 895 1079 στίχον
918 989 1001 1078 πρὸς
1023 998 1137 1080 στίχον
1163 994 1218 1061 καὶ
1246 997 1299 1062 ἐπ-

152 1099 276 1185 έγραψε
299 1096 336 1167 τὸ
365 1095 536 1185 σύνταγμα
564 1097 705 1184 Τρωικά.
751 1098 868 1184 εμῆνιν
892 1097 983 1166 άειδε
1010 1097 1075 1166 θεά
1096 1099 1296 1186 Πηληιάδεω

150 1201 310 1292 Ἀχιλῆος,
334 1201 377 1292 ἣν
400 1210 496 1273 ἔθετο
515 1205 653 1292 Χρύσου
671 1205 897 1293 κεχολωμένος
914 1209 1025 1274 εἵνεκα
1043 1204 1176 1295 κούρης,
1200 1205 1297 1275 οὐλο-

152 1312 269 1399 μένην,
293 1308 314 1399 ἣ
338 1318 422 1401 μνρί
434 1309 576 1400 Ἀχαιοῖς
599 1309 691 1399 ἄλγε’
714 1317 814 1399 ἔθηκε
833 1314 1067 1400 μαρναμένοις,
1087 1311 1142 1383 ὅτε
1163 1315 1296 1403 Τρωσὶν

152 1415 231 1504 άτερ
262 1420 440 1506 πολέμιζον
469 1416 619 1499 άνακτος.
669 1417 794 1499 πολλάς
824 1416 857 1486 δ’
890 1423 1054 1507 ἰφθίμους
1080 1418 1187 1509 ψυχάς
1206 1420 1295 1490 ’Ἁιδι
1311 1445 1337 1483 10

150 1531 316 1611 προΐαψεν
345 1523 503 1613 Ἕκτορος
547 1530 584 1594 ἐν
620 1525 791 1615 παλάμησι
828 1527 1034 1613 δαίζομένων
1070 1524 1136 1597 ὑπὸ
1174 1532 1297 1617 δουρί’.

152 1638 275 1720 ἔγραψε
298 1634 353 1701 καὶ
376 1631 461 1701 άλλα
483 1635 568 1703 τινά.

239 1741 440 1810 DOOXOIX.
481 1746 610 1828 Τίμων
635 1740 806 1829 Φλιάσιος,
830 1741 886 1808 καὶ
909 1739 1011 1821 αὐτὸς
1033 1743 1219 1839 φιλόσοφος
1239 1748 1298 1831 τῆς

152 1848 340 1935 Πύρρωνος
359 1846 499 1938 άχωχῆς,
519 1846 536 1917 ό
556 1847 688 1936 γράψας
705 1847 784 1927 τοὺς
800 1849 1029 1934 καλουμένους
1048 1854 1204 1936 Σίλλους,
1224 1847 1297 1937 ἤτοι
1392 1920 1397 1928 ,

151 1953 281 2041 ψόγους
302 1959 371 2023 τῶν
396 1954 605 2043 φιλοσόφων,
624 1961 738 2040 βιβλία
760 1952 803 2040 μ’.
1311 1977 1337 2018 15

239 2063 361 2130 DCCC.
396 2067 544 2150 [Τίμων
572 2058 590 2129 ό
614 2059 871 2149 μισάνθρωπος,
894 2061 949 2130 καὶ
972 2061 1075 2143 αὐτὸς
1098 2061 1296 2151 φιλόσοφος,

149 2165 443 2257 άποστρεφόμενος
464 2173 575 2236 πᾶσαν
599 2170 751 2255 αἵρεσιν]
1134 2249 1139 2257 .

238 2277 379 2344 DOOOI.
420 2273 643 2344 Τουσκιανό
648 2303 664 2354 ς
679 2328 685 2341 .
701 2328 709 2342 .
724 2329 730 2342 .
746 2273 856 2363 ῥήτωρ
881 2273 1071 2357 δεινότατος
1085 2330 1092 2344 .
1108 2329 1137 2346 ..

238 2384 393 2451 DOCCH.
427 2381 678 2469 Τράχκυλλος
698 2380 716 2449 ὁ
734 2380 944 2467 Σουητύνιος
962 2388 1175 2472 χρηματίσας,
1192 2411 1296 2473 φραμ

149 2488 286 2577 ματικὸς
309 2487 478 2577 Ῥωμαίος.
528 2493 650 2576 ἔγραψε
682 2488 757 2576 περὶ
784 2492 852 2556 τῶν
880 2485 960 2573 παρ’
983 2487 1119 2576 Ἕλλησι
1150 2495 1295 2560 παιδιῶν
1310 2514 1337 2554 ‘2⁰

147 2602 282 2685 βιβλίον
311 2596 357 2684 α’,
384 2598 460 2685 περὶ
487 2599 556 2665 τοῖν
582 2592 671 2683 παρὰ
690 2592 864 2682 Ῥωμαίοις
889 2599 1046 2684 θεωριῶν
1074 2597 1129 2666 καὶ
1152 2595 1296 2686 ιἰχοίνων

147 2786 245 2854 lector,
265 2787 297 2840 ut
314 2784 428 2840 tItulum
448 2785 584 2851 efiiceret,
607 2784 761 2852 κωμῳδίαν
779 2813 813 2821 -
832 2778 982 2851 μελοποιόν
1006 2783 1168 2856 adscripsit,
1194 2784 1295 2856 quibus

146 2865 187 2920 nil
205 2866 272 2921 novi
291 2864 400 2921 dicitur.
438 2865 568 2919 Ceterum
592 2860 768 2933 epitaphium
788 2860 992 2918 Timocreontis
1011 2865 1046 2919 ab
1070 2865 1133 2935 ipso
1153 2865 1294 2923 Simonide
1378 2871 1382 2879 '

147 2945 334 3016 compositum
353 2947 445 3001 adhuc
464 2947 559 3001 extare
579 2944 654 3013 apud
673 2943 774 3001 Athen.
794 2943 819 2997 X
837 2963 864 3014 p.
881 2950 932 2999 412
953 2946 1047 3015 (Anth.
1068 2946 1128 3001 Pal.
1147 2947 1212 3016 VII,
1231 2953 1294 3018 348)

148 3029 317 3083 monuerunt
335 3027 455 3082 editores

218 3105 406 3161 DCOXGVIII
424 3108 464 3161 Cf.
484 3126 510 3162 v.
527 3102 627 3167 Ἰδαῖος
644 3105 673 3159 ct
686 3105 802 3176 Πίγρης.
817 3106 943 3162 Eustath.
958 3107 1083 3162 Prooem.
1098 3107 1209 3177 Θόρσος
1229 3109 1293 3165 Ora·

147 3206 214 3256 mer,
234 3188 337 3243 Anccd.
358 3188 419 3242 Par.
439 3187 451 3239 I
469 3206 496 3256 p.
512 3192 564 3239 392
655 3191 671 3238 5
691 3201 748 3255 seq.
772 3187 961 3242 narrationem
986 3188 1151 3258 compilavit
1170 3190 1294 3246 Pseudo-

150 3269 263 3340 Ηιεησίι.
282 3285 305 3323 c.
321 3273 355 3322 65
428 3273 443 3321 ’1
465 3260 578 3336 Τρωικά
596 3265 738 3333 Eustath.,
759 3267 832 3335 quod
851 3266 986 3338 praetulit
1003 3268 1141 3324 Kustcrue
1165 3267 1292 3340 Τρωικόν

147 3351 218 3418 vulp.
240 3344 366 3419 Τρωικάς
383 3348 487 3402 Βσίιίιιν

218 3427 377 3483 DCOXCIX
395 3446 421 3481 v.
436 3423 566 3497 Πύρρων.
585 3426 624 3484 ef.
640 3426 735 3496 Steph.
750 3428 813 3497 Byz.
828 3446 854 3481 v.
871 3427 984 3494 Φλιούς;
1004 3425 1086 3497 Diog.
1101 3427 1153 3498 IX,
1170 3433 1219 3483 109
1235 3446 1291 3498 seq.

147 3507 263 3564 Tractat
276 3507 474 3574 Wachsmoth‚
493 3507 527 3562 dc
543 3506 613 3564 Tim.
628 3506 753 3563 Phliasio
772 3525 798 3576 p.
815 3512 897 3573 oseq.
954 3500 993 3559 14'
1008 3504 1089 3575 Diog.
1104 3506 1151 3576 IX,
1168 3513 1216 3563 111
1236 3510 1292 3565 τῶν

147 3589 178 3643 δὲ
199 3590 297 3644 σίλλων
315 3589 378 3658 τρία
399 3585 474 3642 ἐστίν
493 3603 549 3656 seq.
1206 3592 1210 3598 '

217 3666 309 3723 Doce
328 3685 382 3722 om.
398 3669 535 3723 Wcatcrm.
567 3666 686 3739 Addidit
705 3668 803 3723 Suidas
823 3683 857 3722 ex
870 3666 951 3736 Diog.
966 3666 1018 3734 IX,
1034 3672 1095 3738 112,
1113 3668 1187 3723 undc
1206 3671 1293 3726 verba

146 3747 175 3803 ολ
196 3748 228 3804 δὲ
253 3744 408 3818 φεύγοντες
431 3751 479 3818 (sc.
498 3744 551 3818 τὴν
575 3751 757 3818 φιλοσοφίαν)
782 3743 916 3818 καθάπερ
939 3747 988 3802 κοιλ
1012 3743 1027 3802 ὁ
1050 3750 1145 3819 Τίμων
1169 3752 1218 3817 (sc.
1243 3750 1292 3804 κοιλ

146 3827 240 3900 ἕτερος
261 3834 292 3886 Τ.
312 3823 326 3883 ὁ
347 3826 557 3899 μισάνθρωπος)
577 3828 617 3882 εἰσ
635 3830 757 3885 mutavit
775 3824 1024 3899 ἀποστρεφόμενος
1041 3830 1137 3884 πᾶσαν
1157 3831 1266 3900 αἵρεσιν

216 3908 323 3965 ΒΟΟΟΙ
342 3927 396 3964 om.
411 3909 548 3964 Weotcrm.
579 3907 694 3979 Legitur
712 3909 743 3964 in
761 3926 847 3979 marg.
862 3913 893 3962 V.
927 3910 985 3963 Aut
1002 3909 1123 3965 frustum
1142 3909 1217 3964 vitae
1236 3910 1290 3965 He-

146 3990 296 4060 sychianac
311 3991 362 4056 est,
381 3990 439 4059 aut,
455 3988 527 4058 quod
542 4005 594 4058 ego
609 3989 741 4058 suspicor,
756 4006 789 4043 ex
803 3987 879 4042 Suid.
894 4005 920 4042 r.
933 3982 1058 4052 Ἀνάνιος
1072 3991 1197 4043 extrema
1210 3991 1290 4059 parte

147 4087 164 4124 a
182 4070 287 4125 lectore
304 4069 449 4124 insertum.
482 4069 521 4125 of.
537 4068 644 4139 Eunap.
658 4070 671 4122 I
685 4088 712 4140 p.
728 4075 770 4138 72,
789 4070 815 4124 Π
833 4087 861 4138 p.
876 4075 929 4124 300
942 4067 1031 4124 Boiss.

216 4148 336 4204 Dcccll
356 4148 395 4205 Cf.
411 4148 487 4206 Suid.
502 4167 527 4204 v.
542 4146 714 4216 Σευητόνιος
732 4179 765 4189 -
780 4144 928 4219 Ῥωμαῖος,
948 4167 1029 4219 quem
1049 4148 1183 4219 expunxit
1200 4150 1289 4205 Βσνκ·

144 4232 240 4302 hardy.
274 4229 390 4283 Tractat
408 4226 620 4295 Reifferscheid,
640 4227 752 4284 Sueton.
776 4229 824 4284 r'cl.
844 4248 871 4299 p.
887 4229 977 4284 XVIII
1000 4230 1028 4284 ct
1046 4248 1073 4299 p.
1089 4235 1140 4285 476
1156 4246 1225 4298 seq.;
1252 4231 1288 4285 cf.

144 4327 214 4380 quac
234 4308 292 4365 dixi
305 4309 376 4365 Mus.
391 4309 479 4365 Rhea.
494 4309 611 4364 XXXVI
624 4326 651 4377 p.
667 4315 719 4363 319
780 4314 811 4362 19
831 4304 1004 4378 Σευητόνιος
1017 4311 1090 4380 culp.
1109 4307 1290 4378 Σουητύνιος

144 4408 208 4460 pars
228 4390 290 4445 edd.
364 4395 398 4443 20
418 4389 452 4444 dc
471 4390 607 4459 παιδιῶν,
629 4389 703 4459 quod
721 4387 850 4443 laudavit
862 4389 1029 4444 Eastcthc'uc
1044 4389 1094 4444 Od.
1114 4408 1139 4459 p.
1158 4396 1235 4457 1397,
1253 4391 1288 4445 cf.

144 4470 284 4538 Mainake,
308 4469 389 4523 Anal.
408 4488 435 4540 p.
457 4474 507 4523 132
589 4476 622 4523 21
645 4469 710 4538 περὶ
734 4469 790 4524 τῶν
811 4463 880 4537 παρ’
902 4464 972 4525 ‘aaa
996 4472 1074 4526 παιδ.
1098 4469 1145 4525 καί
1169 4465 1288 4542 άχοόνων
