2910 5056
553 391 555 394 Ι
590 313 872 370 Ριιοιιιοοιιιιιιι.
1218 315 1306 370 xcix

155 477 338 561 neglexisse
359 478 476 542 merito
501 479 636 543 mireris.
680 480 835 543 Attamen
863 479 966 562 ipsius
989 479 1161 562 Hermippi
1185 478 1305 544 librum

156 586 197 649 ab
225 582 390 668 Hesychio
424 585 636 667 compilatum
670 606 738 648 esse
766 605 864 668 nego,
898 590 984 648 cumx
998 587 1107 669 potius
1136 607 1174 649 ex
1202 587 1304 650 altero

157 692 323 774 opusculo,
347 690 436 754 velut
459 712 497 755 ex
521 692 684 755 communi
708 693 776 756 eius
798 696 831 755 et
849 690 1005 778 Diogenis
1024 693 1123 775 fonte,
1146 691 1304 756 Demetrii

155 795 322 882 Magnetis
359 796 412 861 vel
450 797 688 882 Argcsphontis
729 795 804 882 περὶ
851 793 1040 882 ὁμωνύμων
1081 799 1178 882 libro,
1216 799 1304 863 locos

155 904 237 969 istos
266 903 444 987 descriptos
474 926 544 969 esse
573 926 612 968 ex
636 926 664 968 v.
691 908 848 981 Φιλίσκος
872 905 943 969 coll.
962 904 1058 990 Diog.
1082 904 1142 989 VI,
1173 907 1214 971 73
1239 928 1305 989 seq.

157 1012 208 1075 vel
233 1007 426 1095 Νικόμαχος
454 1009 531 1098 coll]
553 1011 648 1096 Diog.
673 1010 756 1095 V,I
787 1009 828 1094 (si
854 1011 1062 1095 Hesychiana
1096 1009 1158 1097 est)
1193 1013 1304 1095 colligi

157 1118 270 1199 possit.
279 1115 303 1202 ¹)

245 1223 334 1288 Idem
368 1226 576 1290 statuendum
610 1227 726 1310 opinor
758 1225 796 1289 de
825 1226 896 1291 loco
925 1225 1112 1291 Nicandri
1139 1225 1304 1289 Alexan-

154 1331 273 1414 drini,
307 1337 362 1415 qui
394 1331 546 1396 laudatur
569 1355 598 1396 v.
625 1333 797 1414 Αἰσχρίων
826 1329 881 1417 (cf.
908 1331 1026 1396 Mdller
1054 1331 1101 1396 lV
1129 1354 1157 1415 p.
1181 1329 1304 1418 462)²),

154 1458 228 1501 cum
260 1437 368 1502 locum
396 1437 619 1520 Nicanoris,
650 1436 828 1502 Alexandri
861 1460 968 1503 rerum
1000 1439 1181 1522 scriptoris,
1213 1440 1303 1503 euius

154 1541 272 1607 Suidas
297 1544 495 1609 mentionem
519 1544 630 1608 iniecit
652 1567 681 1609 v.
705 1546 873 1628 Σίβυλλα,
895 1567 961 1610 non
985 1567 1024 1608 ex
1046 1542 1224 1629 Hesychia,
1248 1545 1303 1608 sed

153 1672 194 1714 ex
221 1649 392 1715 Lactantio
424 1648 458 1735 (i.
487 1673 513 1713 e.
539 1649 703 1736 Varrone)
735 1673 833 1734 supra
865 1651 1067 1735 exposuerim
1102 1652 1174 1716 coll.
1203 1651 1302 1716 schol.

153 1755 281 1821 Platon.
304 1756 352 1821 Vl
379 1779 410 1841 p.
434 1757 498 1821 269
527 1756 639 1821 Herm.
663 1761 696 1822 et
724 1755 867 1822 Cramer.
896 1758 1014 1822 Anecd.
1048 1759 1120 1822 Par.
1143 1757 1159 1821 I
1182 1781 1213 1843 p.
1237 1758 1302 1822 332

154 1861 208 1947 (cf.
234 1862 366 1946 Miiller,
394 1862 446 1928 Al.
474 1863 583 1947 script.
609 1886 639 1947 p.
666 1859 757 1950 152),
786 1865 1009 1929 Artemonis
1034 1868 1143 1929 autem
1167 1860 1302 1928 Clazo-

152 1970 285 2052 menii,
314 1968 531 2053 Polyhistoris
561 1970 719 2055 aequalis,
747 1968 821 2051 περί
845 1965 991 2054 Ὁμήρου
1018 1971 1178 2056 libellum,
1206 1992 1302 2053 quem

151 2075 267 2141 laudat
289 2099 318 2140 v.
340 2071 516 2161 Ἀρκτῖνος,
539 2077 574 2140 in
597 2077 699 2162 ipsius
723 2076 858 2142 Homeri
883 2077 1019 2161 aliisque
1043 2081 1210 2161 poetarum
1235 2079 1300 2159 epi-

150 2205 262 2247 corum
293 2183 369 2247 vitis
406 2205 580 2267 usurpasse
612 2182 796 2267 Hesychius
829 2184 977 2248 videatur
1015 2183 1068 2269 (cf.
1105 2182 1221 2247 Muller
1253 2181 1302 2246 IV

150 2311 184 2373 p.
208 2289 297 2374 341).
342 2288 430 2353 Num
454 2310 531 2354 vero
555 2288 770 2358 Alexandri
793 2290 1060 2373 Polyhistoris
1083 2286 1158 2373 περὶ
1175 2291 1302 2365 Λυκίας

148 2396 285 2479 libram,
310 2396 365 2480 qui
389 2396 509 2461 citatur
527 2406 556 2460 v.
575 2391 690 2479 Ὠλήν,
713 2418 772 2461 nec
792 2398 898 2463 minus
923 2397 1120 2462 Theodori
1142 2395 1300 2460 Iliensis

153 2501 299 2587 Τρωικά,
323 2523 405 2586 quae
429 2502 608 2566 afferuntur
631 2526 661 2567 v.
680 2505 899 2587 Παλαίφατος
924 2502 1057 2588 (Mulier
1075 2501 1123 2566 IV
1143 2526 1173 2586 p.
1193 2500 1300 2587 513³),

149 2611 223 2695 ipse
247 2609 444 2694 decerpserit
466 2605 582 2692 neonel,
605 2630 655 2673 res
680 2631 758 2673 sane
782 2610 936 2694 ambigua
960 2613 1018 2674 est.

241 2715 415 2781 Difficilius
445 2696 632 2781 autamest
660 2716 816 2800 iudicatu,
849 2716 922 2799 quis
950 2717 994 2780 sit
1022 2714 1171 2798 Crates,
1204 2737 1299 2799 quem

149 2822 335 2907 Hesychius
364 2847 392 2888 v.
413 2818 556 2907 Ἀλκμάν
584 2823 777 2907 laudaverit,
805 2823 861 2887 ubi
889 2818 972 2889 κατὰ
999 2821 1036 2888 δὲ
1058 2818 1118 2889 τὸυ
1142 2818 1299 2906 Κράτητα

148 2933 328 3012 πταίοντα,
357 2929 390 2994 id
418 2930 503 3015 quod
531 2930 690 3014 praebent
713 2930 742 2994 A
771 2933 804 2994 et
827 2929 901 2994 Vat.
930 2929 1098 3015 Pearsoni,
1125 2929 1299 3015 legendum

146 3059 222 3103 ,esse
251 3059 363 3102 omnes
391 3034 573 3122 viderunt4)
602 3040 731 3121 praeter
759 3036 1021 3122 Bernhardyum,
1049 3037 1104 3122 qui
1133 3038 1201 3101 sine
1232 3038 1299 3100 ulla

150 3166 249 3209 causa
267 3144 383 3209 idonea
401 3141 477 3229 περὶ
495 3145 645 3227 ποιητῶν
664 3165 722 3227 pro
740 3145 901 3209 τιταίοντα
921 3144 1146 3228 corrigendum
1166 3143 1299 3208 censuit.

149 3244 370 3336 Cogitandunu
389 3251 474 3316 enim
494 3249 619 3315 videtur
638 3250 676 3314 de
692 3248 819 3316 Gratata
834 3249 1041 3330 Atheniensi,
1061 3273 1155 3335 quem
1176 3249 1212 3315 ἐν
1226 3260 1299 3326 ταίς

224 3411 250 3476 1)
273 3409 367 3472 Dant,
388 3408 466 3463 stud.
485 3427 511 3477 p.
529 3413 579 3463 148
603 3408 686 3463 hasce
704 3407 778 3463 vitas
797 3407 832 3462 de
850 3407 1004 3478 Hermippo
1027 3407 1148 3478 pendere
1174 3408 1297 3476 suspica-

149 3490 208 3542 tur:
226 3483 401 3557 Ἀνδροτίων,
423 3483 593 3557 Ἀστυδάμας
616 3483 631 3541 ὁ
651 3483 819 3558 πρεσβύτης,
836 3484 973 3557 Ἔφορος,
998 3486 1156 3557 Θεοδέκτης
1180 3490 1297 3556 Φασηλί-

149 3586 207 3636 της,
228 3564 380 3635 Θεόκριτος
393 3571 471 3633 Χίος,
487 3563 663 3636 Θεόπομπος,
680 3562 874 3638 Θρασύμαχος,
892 3564 999 3636 Ἰσαῖος,
1011 3564 1169 3637 Ἰσοκράτης
1180 3562 1297 3638 Ἀμύκλα

150 3648 225 3717 (coll.
241 3665 267 3700 v.
280 3645 460 3715 Θεοδέκτης),
475 3643 599 3715 Κόκκος,
610 3641 773 3715 Ὑπερείδης
787 3649 861 3716 (coll.
872 3649 973 3704 Athen.
984 3647 1050 3702 VIIl
1059 3666 1086 3716 p.
1097 3655 1158 3717 342,
1176 3650 1296 3705 Pseudo·

149 3729 220 3797 plut.
241 3746 267 3796 p.
283 3732 344 3792 313,
358 3733 391 3781 41
407 3727 521 3796 west),
542 3728 670 3788 Φιλίσκος
688 3723 833 3795 Μιλήσιος.
871 3727 998 3798 Expunxi
1015 3725 1140 3797 Ἔφορος
1158 3729 1207 3784 καλ
1227 3727 1296 3784 Θεό-

149 3827 274 3878 πομπος,
293 3808 367 3877 quod
386 3806 467 3860 Daub
487 3806 587 3860 laudat
605 3805 713 3860 nescius
733 3807 801 3875 quid
818 3807 879 3877 ipse
898 3827 925 3878 p.
943 3815 993 3863 133
1012 3809 1122 3866 dixerit.

221 3891 250 3957 2)
269 3886 396 3944 Contulit
414 3886 508 3955 Dauh,
529 3886 607 3941 Stud.
626 3905 655 3956 p.
672 3891 723 3940 150
742 3887 828 3942 etiam
848 3907 873 3942 v.
886 3883 1073 3957 Ἀντίπατρος,
1093 3888 1296 3960 Καλλισθένης,

150 3967 232 4023 Λέων
253 3971 316 4034 But.
720 3964 722 3968 ’

221 4053 249 4114 3)
269 4047 398 4103 Ceterum
413 4064 521 4114 moneo,
536 4047 686 4115 Daubium,
702 4046 781 4102 Stud.
795 4066 822 4116 p.
835 4053 885 4103 148
900 4065 955 4103 non
968 4050 1044 4104 recte
1059 4051 1188 4105 attulisse
1201 4046 1295 4119 Ἐρα·

148 4124 341 4189 τοσθὲνους
362 4128 527 4182 memoriam
545 4147 571 4182 v.
590 4129 715 4199 Σίβυλλα
735 4128 831 4196 Σαμία
854 4129 1009 4198 extantem,
1034 4146 1096 4183 cum
1117 4129 1188 4184 hanc
1206 4130 1294 4184 vitam

149 4207 186 4259 ab
211 4204 352 4273 Hesychio
377 4205 499 4262 alienam
525 4223 583 4262 esse
608 4224 643 4262 ne
669 4207 822 4262 Maassium
847 4208 974 4278 quidem,
1000 4210 1034 4264 da
1058 4210 1115 4265 Sib.
1140 4228 1167 4278 p.
1188 4214 1221 4262 53
1237 4225 1294 4277 seq.

149 4285 262 4355 fugerit.

220 4368 249 4435 4)
263 4366 400 4421 Similiter
413 4386 440 4422 v.
451 4366 675 4438 Πολυδεύκης
686 4401 719 4410 -
730 4369 805 4432 τινὲς
820 4367 851 4424 δὲ
859 4356 1005 4438 ’γράφουσι
1014 4370 1160 4433 παίζοντες
1170 4369 1294 4436 (πταίον-

149 4466 195 4508 τες
214 4463 283 4501 corr.
302 4447 463 4517 Kusterus)‚
483 4468 508 4504 v.
527 4446 669 4519 Κάστωρ
685 4446 791 4511 Ῥόδιος
810 4481 841 4489 -
863 4445 900 4511 ὡς
919 4445 951 4502 δὲ
969 4443 1049 4501 άλλοι
1069 4444 1280 4517 ἐπλανήθησαν.

203 4547 355 4598 Ennomus,
369 4547 403 4587 ed.
417 4547 497 4589 uraca.
1064 4535 1081 4586 d
