2880 5054
613 312 827 373 HESYOHIUS.
985 349 987 354 ·
1092 341 1094 345 ·
1228 314 1291 380 185

144 474 358 563 Μνησάρχου
380 472 454 554 υίὸς
477 473 777 562 δακτυλιογλύφου.
817 476 892 556 νέος
916 475 953 543 δὲ
973 471 1021 543 99
1046 474 1109 562 σῦν
1128 480 1172 567 τῷ
1193 477 1292 563 πατρί

143 587 178 652 εἰι
203 588 392 672 Τυρρηνίας
410 580 538 673 ᾤκησεν
559 588 605 661 είς
623 581 752 669 Σάμον.
782 573 880 661 οὗτος
897 581 1019 669 ήκουσε
1038 579 1290 677 πρώτονΦερε-
1338 656 1339 660 ,
1432 602 1434 612 ¹

142 690 252 773 99999
275 693 336 758 τοῦ
345 695 488 820 Συρίου
512 691 548 757 ἐν
568 689 684 781 Σάμῳ,
710 687 778 757 εἶτα
792 687 1066 778 Ἑρμοδάμαντος
1089 692 1125 759 έν
1148 695 1188 780 τῇ
1207 687 1291 780 αύτή
1431 776 1435 785 ι

143 796 300 890 Σάμῳ,
283 793 320 876 ος
338 787 381 970 χήν
399 794 567 883 άπόγονος
587 795 859 927 Κρεωφύλου,
827 824 896 865 ειτα
913 796 1086 884 Ἀβάριδος
1104 802 1164 866 τοῦ
1177 797 1291 886 ‘9999-
1360 872 1361 876 ,
1428 872 1429 877 ,

143 906 309 1009 βορέου
300 904 355 971 καὶ
384 902 534 991 Ζάρητος
565 907 626 972 τοῦ
658 904 776 992 μάγου.
827 905 1022 985 παιδευθεὶς
1054 905 1091 973 δὲ
1123 906 1179 972 καὶ
1210 902 1318 1034 παρτ

144 1004 343 1098 Αἰγυπτίοις
365 1011 420 1079 καὶ
439 1015 621 1090 Χαλδαίοις
639 1003 746 1097 ήλθεν
765 1017 812 1091 είς
830 1011 961 1100 Σάμον,
984 1013 1039 1080 καὶ
1058 1009 1167 1102 εὑρών
1186 1009 1326 1098 αὐτήν
1370 1048 1383 1066 o

142 1120 445 1206 τνρραυνουμένηυ
475 1115 540 1186 ὑπὸ
564 1117 845 1206 Πολυκράτους’
827 1124 1024 1207 αιτῆρευς
977 1124 1024 1199 είς
1047 1119 1212 1206 Κρότωνα
1234 1122 1292 1205 τῆς

141 1225 282 1306 Ἰταλίας
304 1226 359 1293 καὶ
383 1224 509 1312 σχολήν
534 1225 784 1313 συστησάμενος
812 1235 927 1296 πλείου
951 1224 971 1315 9
997 1230 1188 1309 ἑξακοσίους
1219 1231 1292 1313 ἔσχε

119 1323 343 1421 γνωρίμους.
394 1325 481 1419 ἦσαν
514 1331 551 1399 δὲ
585 1329 673 1423 αύτῷ
707 1333 761 1398 καὶ
789 1330 931 1419 ἀδελφοὶ
959 1334 1049 1431 δύο,Ι
1070 1332 1292 1421 πρεσβύτερος

144 1440 204 1528 μὲν
230 1439 401 1527 Εύυομος,
430 1437 590 1525 μέσοςδδ
617 1438 803 1527 Τυρρηνός.4
844 1444 966 1519 δοῦλος
989 1441 1026 1508 δὲ
1049 1433 1092 1527 99
1116 1437 1204 1531 αύτῷ
1230 1437 1291 1505 Ζά-
1308 1462 1333 1502 ιο

144 1549 274 1634 μολξις,
303 1536 329 1638 9
353 1546 451 1612 Γέται
479 1540 524 1623 ώς
547 1539 672 1634 Κρόνῳ
701 1543 836 1612 θύουσι.
883 1545 1028 1633 γαμετήν
1057 1546 1091 1614 δ’“
1115 1546 1292 1633 ἐποιήσατο

144 1651 261 1734 Θεανώ
295 1650 365 1738 τήν·
386 1651 579 1738 Βροντίνου
610 1654 670 1718 τοῦ
701 1651 941 1737 Κροτωνιάτου
971 1654 1161 1742 θυγατέρα,
1190 1654 1223 1734 έξ
1255 1644 1295 1739 ής

144 1762 199 1828 καὶ
223 1764 339 1840 παῖδες
363 1757 456 1851 αύτῷ.
480 1759 634 1844 ἐγένοντο
659 1756 737 1844 δύο,
766 1759 939 1846 Τηλαύγης
962 1762 1017 1827 καί
1041 1761 1181 1848 Δάμων,
1205 1756 1225 1847 9
1251 1757 1294 1839 ώς

144 1894 233 1946 τινες
252 1865 478 1954 Μνήσαρχος,
505 1863 588 1931 κατὰ
616 1866 656 1931 δέ
680 1891 774 1943 τινας
798 1866 854 1931 καὶ
877 1864 1030 1952 θυγάτηρ
1054 1874 1151 1933 Μυῖα
1175 1864 1293 1952 όνομα,
1367 1901 1369 1904 ·
1423 1906 1424 1910 =

145 1973 227 2042 κατά
256 1974 294 2041 δέ
316 1972 440 2051 άλλους
456 1968 517 2040 ’καὶ
533 1970 724 2058 Ἀριγνώτη
770 1974 958 2058 συνέγραφε
982 1972 1019 2040 δὲ
1044 1969 1061 2039 9
1085 1970 1294 2058 Πυθαγόρας
1308 1995 1333 2037 15

146 2081 234 2168 9999
260 2086 335 2168 τρία
356 2085 484 2167 βιβλία·
514 2077 744 2163 παιδευτικόν,
769 2078 956 2164 πολιτικόν,
983 2078 1021 2146 τδ
1047 2079 1083 2146 δὲ
1106 2077 1295 2166 φερόμενον

145 2194 261 2277 τρίτον
285 2184 329 2267 ώς
352 2183 565 2271 Πυθαγόρου
588 2181 738 2262 Λύσιδός
761 2185 828 2252 ἐστι
852 2188 913 2252 τοῦ
940 2191 1161 2270 Ταραντίνου,
1185 2194 1294 2271 μαθη-

145 2299 206 2363 ’τοῦ
234 2292 340 2362 αὐτοῦ
366 2292 552 2379 γενομένου
579 2289 634 2356 καὶ
662 2291 830 2375 φυγόντος
858 2295 904 2369 είς
927 2290 1040 2378 Θήβας
1067 2293 1123 2359 καὶ
1146 2301 1295 2378 καθηγη-
1364 2367 1367 2372 ,

145 2403 295 2490 σαμέυον
319 2397 580 2486 Ἐπαμεινώνδα.
625 2395 713 2475 τινὲς
741 2396 779 2465 δὲ
805 2394 1024 2466 ἀνατιθέασιν
1054 2397 1143 2487 αύτῷ
1171 2400 1227 2466 καὶ
1254 2397 1293 2465 τά

907 2512 913 2545 Ι

147 2626 196 2682 καί
215 2622 342 2694 Ζάρατος
359 2623 410 2676 τοῦ
430 2618 554 2716 μάγου.
551 2613 634 2688 μεθ’
655 2611 705 2680 οῦς
723 2614 779 2673 ὑπὸ
788 2614 957 2689 Αἰγυπτίων
976 2621 1025 2676 καὶ
1042 2623 1195 2676 Χαλδαίων
1215 2618 1294 2677 ἔπαι-

145 2703 248 2775 δεύθη
287 2700 347 2759 εἷτα
373 2700 413 2764 είς
436 2696 535 2770 Σάμον
560 2695 653 2753 έλθάν
678 2695 725 2753 διά
750 2698 918 2772 Πολυκράτη
942 2698 992 2757 τόν
1017 2700 1157 2771 τύραννον
1184 2696 1295 2771 άπήρεν

148 2770 341 2854 είςΚρότωνα
359 2783 408 2850 τῆς
426 2777 554 2848 Ἰταλίας,
573 2781 654 2835 καίτ
660 2775 746 2848 ’ἔσχε
766 2778 911 2850 μαθητάς,
929 2782 1082 2853 προτέρους
1100 2802 1130 2836 τε
1150 2776 1295 2878 ἀδελφούς

149 2860 283 2935 Εῦνομον
302 2862 351 2916 καί
367 2856 515 2930 Τυρρηνόν
534 2859 583 2913 καί
602 2859 704 2913 δοῦλον
724 2855 909 2931 Ζάμολξιν,
889 2886 910 2936 ῳ
928 2862 1014 2918 Γέται
1032 2857 1187 2917 θύουσιν
1170 2882 1207 2924 ως
1220 2858 1294 2930 Κρό-

146 2966 198 3042 99,
223 2941 349 3014 γαμετήν
372 2962 401 2996 τε
427 2937 540 3007 Θεανώ,
569 2934 637 3006 ἐξ
621 2961 655 3010 ης
677 2944 779 3005 παῖδες
804 2919 987 3042 Τηλαύγης
975 2965 990 2998 ο
1017 2937 1207 3038 σχολαρχχήσας
1231 2933 1292 3010 μετ’

147 3021 235 3080 αύτὸν
255 3023 303 3078 καί
319 3019 433 3092 Δάμων,
452 3015 524 3090 ήώς
540 3040 614 3082 τινες
629 3012 807 3092 Μνήσαρχος,
821 3022 951 3095 θυγάτηρ
971 3022 1002 3080 δὲ
1019 3029 1111 3091 Μυῖα,
1132 3016 1203 3092 ἢώς
1221 3040 1296 3115 τιχες

145 3100 310 3200 Ἆριγνοότη.
322 3098 567 3172 ουνεγράιγατοδδ
583 3103 675 3196 βιβλία
690 3104 766 3172 τρία,
781 3102 972 3172 παιδευτικόν,
992 3101 1144 3171 πολιτικόν,
1164 3097 1294 3170 φυσικόν.

146 3206 177 3239 το
168 3182 220 3238 δ
212 3205 223 3240 ε
238 3180 398 3255 φερόμενον
408 3182 482 3250 (add.
493 3177 627 3250 τρίτον)
610 3202 646 3244 ως
656 3178 833 3252 Πυθαγόρου
844 3180 965 3246 Λύσιδός
977 3180 1034 3238 ἐστι
1044 3204 1093 3237 του
1081 3182 1295 3248 Ταραντίνου,

148 3264 281 3364 μαθητοῦ
301 3258 405 3333 αὐτοῦ,
424 3257 565 3332 φυγόντος
583 3260 624 3324 είς
644 3258 740 3333 Θήβας
760 3259 791 3316 ἔτι
810 3264 860 3317 τοῦ
880 3261 1044 3356 ἐμπρησμοῦ
1063 3266 1111 3316 καί
1129 3265 1295 3330 ιια-θηγηοα

146 3346 234 3417 μένον
256 3339 499 3414 Ἐπαμεινώνδα.
524 3340 598 3404 τινὲς
622 3340 653 3397 δὲ
680 3344 730 3396 καὶ
752 3340 786 3396 τά
813 3345 900 3412 χρυσᾶ
929 3341 982 3413 ἔπη
1006 3337 1182 3435 Πυθαγόρου
1206 3337 1294 3407 φασὶν
1343 3368 1344 3372 =

97 3482 102 3492 ,
147 3425 231 3481 εἶναι.
261 3420 393 3494 άπείχετο
413 3421 445 3477 δὲ
464 3423 520 3477 τῶν
540 3418 676 3493 έμφύχων
694 3416 876 3517 ιιαὶκράμων
896 3415 992 3477 καί
963 3418 1124 3491 τηνφυχήν
1144 3419 1220 3489 έφη
1204 3415 1295 3475 άθά-

145 3525 242 3560 νατον.
278 3498 514 3572 ἐνενηκοντούτης
533 3501 565 3557 δὲ
585 3504 700 3578 τελευτᾷ
721 3501 790 3573 μετά
809 3499 1001 3574 μαθητῶνμ,
1022 3497 1295 3572 ἕμπρησθέντωνέν

148 3585 277 3660 οίιιίρι
245 3606 278 3657 τη
299 3579 380 3656 αὐτῇ.
418 3578 496 3637 ἄλλοι
520 3581 553 3637 δέ
572 3601 673 3652 φασιν,
697 3579 740 3638 ὅτι
764 3585 893 3675 πολεμῶν
912 3579 982 3653 μετά
1001 3583 1057 3637 τῶν
1081 3576 1252 3651 μαθητῶν
1238 3577 1294 3634 υπὸ
1328 3598 1332 3616 ¹

144 3641 366 3735 ’Λιιρόιγαντίνων
392 3658 528 3717 άπώλετο.
570 3664 650 3717 Unde
678 3668 807 3734 apparet,
836 3665 865 3719 in
893 3664 996 3718 Suidae
1024 3662 1143 3717 articulo
1172 3665 1320 3725 extreme,¹

147 3743 307 3816 Hesyehii
301 3745 388 3798 verba
407 3742 542 3797 excidisse
557 3760 708 3812 eorumque
722 3746 785 3799 loco
799 3745 880 3814 Diog.
891 3744 929 3798 VI
917 3743 964 3811 1,ss
979 3750 1013 3797 39
1029 3743 1212 3814 compilatum
1228 3758 1294 3797 esse.

148 3825 210 3880 Dixi
233 3824 269 3879 de
289 3822 349 3878 vita
367 3824 507 3906 eiusque
501 3823 702 3878 additamenssis
721 3826 791 3878 Mus.
812 3825 898 3892 Rhen
919 3824 936 3878 l.
957 3841 979 3877 e
1017 3824 1060 3877 Ex
1082 3823 1209 3892 Diogene
1229 3823 1295 3876 Por·
1343 3834 1353 3874 ¹.
1369 3862 1390 3881 ..

147 3904 299 3975 phyriique
320 3905 380 3958 vita
393 3889 571 3984 Pythagorae
586 3906 659 3973 (coll
675 3910 690 3969 ξ
706 3911 722 3958 4
737 3905 766 3957 et
783 3907 825 3972 12)
841 3904 990 3957 conflatam
1005 3920 1064 3958 esse
1079 3903 1176 3957 docuit
1188 3902 1300 3967 Rohde,
1432 3960 1435 3965 ,

147 3987 218 4040 Mus
240 3985 329 4039 Rhen.
349 3982 512 4052 XXXIIIp.
528 3988 580 4037 205
599 3987 656 4047 not.
731 3991 744 4038 1
766 3980 954 4053 Μνηστάρχου
971 3985 1065 4037 ΒΕ
1090 3983 1232 4052 2πρῦτος
1247 3987 1295 4033 ΔΕ
1376 3971 1393 3988 “’

147 4061 353 4134 4,Κρεοφύλοο
369 4068 391 4115 Δ
409 4065 604 4130 ΚρεοφίλουΕ
668 4071 699 4118 12
721 4066 896 4133 ΒροτίνουΔ
911 4067 1062 4130 Βροντίνου
1077 4064 1126 4118 rel.
1188 4069 1221 4116 13
1237 4058 1295 4121 Δά-
1430 4078 1435 4087 ‘

97 4162 100 4166 “
148 4165 207 4214 μων
227 4143 317 4197 filium
340 4161 391 4213 pro
414 4143 474 4197 filia
493 4139 580 4212 Δαμώ
605 4144 696 4215 (Diog.
712 4144 789 4213 VIII,
809 4150 836 4210 1)
859 4147 982 4199 errantes
1004 4144 1121 4198 laudant
1144 4142 1245 4195 Suidas
1268 4143 1296 4195 et
1376 4183 1377 4187 ,

147 4223 373 4299 seh01.‚Platen·:
396 4222 430 4277 ef.
445 4222 553 4292 Robde,
567 4222 638 4279 Mus.
652 4224 741 4281 Rhen'.
751 4224 871 4299 ,XXXIII
885 4244 912 4294 p.
928 4231 979 4279 205
994 4225 1052 4278 not.
1099 4228 1141 4276 *15
1161 4217 1176 4276 9
1192 4215 1296 4281 Πυθά-

148 4326 234 4374 γορας
253 4322 307 4359 0m.
323 4309 346 4355 V
418 4299 470 4358 δύο
489 4299 577 4373 μόνον
597 4307 689 4375 βιβλία
709 4305 784 4360 Ειιά.
844 4306 994 4373 τρίαόΙίω
1013 4303 1148 4371 scriptum
1168 4302 1295 4356 sedera-

148 4404 206 4440 sum
222 4382 322 4439 Κανά*
379 4389 411 4436 16
430 4378 552 4449 φυσικὸν
566 4384 632 4452 post
650 4375 794 4439 noffiaeuo'v
809 4384 944 4446 excidisse
964 4383 1118 4452 suspicatus
1139 4384 1182 4436 est
1196 4383 1296 4436 Mena-
1352 4393 1354 4397 '

146 4468 209 4540 9998
227 4465 259 4518 in
277 4461 364 4532 Diogs
376 4460 481 4533 V111,6
541 4467 574 4516 19
590 4456 808 4533 Ἐπαμεινώνδα
827 4464 994 4536 Βιννιλιατάή
1009 4457 1211 4533 Ἐπαμινώνδα
1230 4462 1297 4517 libri
1389 4488 1392 4499 ·
