2910 5056
622 291 834 348 nnsvornus.
1023 252 1025 256 ⁷
1235 267 1300 355 191

145 454 254 543 χάου,
283 458 318 523 οί
340 455 376 523 δὲ
397 452 572 544 Ἐκρύτου,
602 457 636 521 oi
658 453 695 521 δέ
718 452 854 540 Σημου,
884 456 919 520 οί
940 452 976 520 δὲ
1000 451 1181 539 Κάμωνος,
1206 455 1241 519 oi
1262 450 1299 519 di

137 562 318 651 Ἐτάρχου,
329 566 370 631 οί
383 561 419 629 δὲ
439 561 789 648 Σκαμανδρωνύμου),
809 558 932 647 μητρὸς
948 559 985 626 δὲ
1000 559 1153 643 Κλειδός,
1173 563 1300 644 Λεσβία

142 671 182 750 έξ
205 668 380 758 Ἐρεσσοῦ,
404 668 535 757 λυρική,
561 681 721 754 γεγονυῖα
744 665 826 734 κατὰ
848 666 910 753 την
933 667 994 752 μβ’
1018 665 1218 752 ὀλυμπιάδα,
1245 663 1300 733 ὅτε

142 777 207 844 καὶ
238 774 386 854 ’Λλκαῖος
424 768 466 861 ἦν
500 776 555 842 καὶ
588 781 803 861 Στησίχορος>
825 775 881 840 καὶ
918 772 1091 852 Πιττακός.
1143 765 1229 858 ἦσαν
1263 771 1300 838 δὲ

139 882 235 973 αὐτῇ
259 884 315 951 καλ
338 881 479 970 ιἰδελφολ
502 882 548 968 ν’,
573 882 730 971 Λάριχος,
754 882 914 969 Χάραξος,
938 878 1113 970 Εὐρύχιος.
1147 877 1326 966 έναμηθηῠ

141 990 186 1058 δὲ
212 989 312 1079 άνδρλ
334 990 489 1080 Κερκύληι
512 988 760 1079 πλουσιωτάτῳ,
782 976 965 1079 άρμημένηι
985 985 1050 1054 άπὸ
1059 985 1220 1074 Ἄνδρου,
1243 988 1300 1053 καλ

134 1100 321 1185 θυγατέρα
350 1096 527 1184 ἐποιήσατο
554 1101 586 1179 ἐξ
615 1094 735 1183 αὐτοῦ,
764 1093 784 1182 ἣ
809 1097 910 1175 Κλελς
934 1094 1127 1181 ὠνομάσθη.
1174 1094 1300 1181 ἑταῖραι

138 1205 185 1272 δὲ
213 1203 316 1293 αὐτῆς
338 1207 393 1273 καὶ
417 1212 511 1293 φίλαι
535 1206 692 1291 γεγόνασι
711 1207 756 1290 γ’,
777 1202 899 1288 Ἁτδίς,
927 1207 1121 1288 Τελεσίππα,
1146 1199 1300 1289 Μεγάρα,
1383 1237 1387 1243 ·

133 1311 236 1399 πρὸς
264 1308 302 1391 ἃς
332 1313 387 1379 καὶ
415 1311 580 1398 διαβολὴν
610 1317 704 1399 ἔσχεν
729 1315 866 1398 αἰσχράς
889 1317 1010 1397 φιλίας.
1056 1308 1239 1397 μαθήτριαι
1263 1306 1301 1376 δὲ

134 1417 254 1505 αὐτῆς
267 1416 430 1509 Ἀνανάρα
445 1426 608 1505 Μιλησία,
631 1425 659 1486 Γ
657 1419 784 1505 ονχύλα
799 1426 832 1485 Κ
833 1424 1016 1504 ολοφωνία,
1030 1416 1176 1485 Εὐνείκα
1191 1424 1299 1484 Σαλα·
1315 1436 1340 1474 10

132 1532 255 1614 μινία.
310 1532 433 1615 ἔγραψε
471 1527 508 1595 δὲ
545 1530 654 1614 μελῶν
687 1529 833 1614 λυρικῶν
865 1531 978 1612 βιβλία
1011 1524 1062 1610 δ’,
1100 1525 1155 1591 καὶ
1187 1523 1299 1612 πρώτη

130 1639 320 1724 πλῆκτρον
354 1627 460 1722 εὗρεν.
513 1640 636 1721 ἔγραψε
671 1633 707 1700 δέ
739 1634 794 1700 καλ
828 1632 1055 1721 ἐπιγράμματα
1086 1632 1142 1699 καὶ
1175 1633 1301 1718 ἐλεγεῖα

140 1743 224 1827 [καὶ
251 1741 394 1829 ἰάμβους
416 1743 471 1810 καὶ
495 1746 684 1833 μονςοδίας]Ι
1170 1818 1172 1821 ¹

239 1858 382 1926 DOOVI.
414 1858 576 1943 [Σαπφώ
596 1861 723 1941 Λεσβία
742 1858 777 1923 ἐκ
797 1854 1005 1941 Μιτυλήνης,
1026 1854 1179 1943 ψάλτρια.
1217 1852 1300 1940 αὕτη

130 1961 193 2032 δι’
227 1969 334 2049 ἔρωτα
362 1963 502 2043 Φάωνος
530 1968 589 2031 τοῦ
617 1969 854 2047 Μιτυληναίου
883 1964 918 2030 ἐκ
945 1965 1006 2029 τοῦ
1030 1961 1203 2030 Λευκάτου
1226 1982 1340 2029 nav-15

130 2071 341 2140 επόντωσεν
372 2070 502 2158 ἑαυτήν.
548 2070 637 2150 τινὲς
669 2071 706 2138 δὲ
736 2072 790 2137 καὶ
818 2069 939 2156 ταύτης
968 2067 1053 2137 εἶναι
1079 2067 1218 2158 λυρικην
1243 2065 1300 2137 άν-

135 2181 308 2268 ένραψαν
330 2185 488 2266 ποίησιν]

238 2294 400 2362 DOOVH.
432 2301 649 2380 Σαραπίων
673 2293 691 2362 ὁ
715 2303 832 2373 Λίλιος
855 2299 1065 2383 χρηματίσας,
1089 2291 1199 2380 ῥήτωρ
1216 2288 1301 2359 ’Λλε-

130 2399 324 2485 ξανδρεάς.
362 2406 485 2487 ἔγραψε
508 2402 582 2490 περὶ
604 2406 673 2469 τῶν
695 2404 731 2468 ἐν
749 2415 821 2479 ταῖς
840 2402 989 2487 μελέταις
1006 2398 1300 2487 ἁμαρτανομένων,

130 2507 349 2598 ἀκροάσεων
371 2513 484 2592 βιβλία
509 2507 550 2592 ζ’,
574 2505 803 2595 πανηγυρικὸν
828 2508 880 2574 ε’πλ
901 2504 1063 2598 Ἀδριανῷ
1087 2511 1132 2598 τῷ
1155 2511 1339 2592 βασιλεῖ,·2ο

130 2611 370 2696 βουλευτικὸν
392 2610 676 2701 Ἀλεξανδρεῦσιν,
701 2619 731 2681 εί
753 2619 889 2692 δικαίως
912 2613 1057 2681 Πλάτων
1068 2611 1216 2700 ’Όμηρον
1239 2611 1300 2679 άπ-

130 2724 277 2809 έπεμψε
300 2725 358 2807 τῆς
376 2724 543 2799 πολιτείας
565 2721 620 2787 καλ
639 2719 723 2787 άλλα
743 2719 849 2809 συχνά
869 2722 938 2805 [καὶ
953 2724 1073 2809 τέχνην
1095 2721 1300 2811 ῥητορικήν].

141 2893 149 2908 ⁸
223 2925 238 2972 1
259 2919 352 2988 Σιμοῦ
366 2918 492 2972 Καικίνα
510 2916 540 2987 in
555 2917 669 2987 (ἕτερον.
683 2936 710 2986 p.
722 2924 773 2972 290
793 2921 885 2988 Σίμου
900 2918 1028 2986 Sotaefer
1041 2915 1198 2989 Σκίρωνος
1211 2919 1301 2973 Βωκ-

130 2996 240 3070 ἢακιλχ
297 2994 360 3053 λδ’
379 2994 531 3067 Ἐτεάρχου
546 2997 706 3052 Gutscbmid
759 3000 927 3065 Ktsudodgv
982 2995 1209 3067 3'Eee'ooovdv
1225 2995 1301 3068 Ἐρε-

130 3080 195 3135 aaa
213 3079 291 3148 υκλρ.
329 3078 362 3132 de
377 3078 480 3133 Pittaci
498 3080 593 3132 aetate
612 3079 735 3132 concinit
754 3079 834 3149 Diog.
853 3080 879 3148 I,
895 3087 928 3133 79
947 3075 1054 3149 ἤκμαζε
1075 3076 1147 3133 κατὰ
1168 3098 1301 3148 τεσσαρα-
1410 3097 1415 3106 ·

130 3155 256 3226 κοστὴν
277 3156 414 3226 δευτέραν
435 3153 596 3228 ὀλυμπιάδα
616 3159 661 3227 (of.
681 3178 707 3214 v.
728 3157 877 3230 Πιττακός)
960 3165 977 3212 4
995 3151 1067 3228 ἦσαν
1089 3191 1119 3199 -
1140 3162 1301 3229 Σαλαμινία

130 3251 200 3293 om.
223 3235 316 3303 Eud,
341 3253 411 3303 quae
436 3253 498 3290 eum
521 3237 557 3290 ab
576 3236 710 3307 Hesychii
728 3257 804 3294 more
823 3241 1003 3308 abhorreant,
1022 3241 1095 3294 forte
1119 3240 1302 3308 expungenda

130 3312 242 3384 αὐτῆς
261 3316 334 3384 vulp.
355 3310 426 3386 αὐτῇ
447 3320 523 3368 Asv
595 3315 759 3388 5Λάρυχος
777 3322 848 3390 vulp.
924 3315 1113 3390 θδρμωμένῳ
1131 3319 1210 3387 libri,
1231 3335 1300 3373 corr.

130 3395 237 3453 Dauo
323 3402 355 3449 10
377 3390 537 3465 Ἀνακτορία
556 3398 629 3451 Max.
649 3400 713 3467 Tyr.
732 3400 758 3469 I,
777 3407 812 3454 24
890 3406 922 3452 12
938 3417 994 3468 seq.
1015 3401 1084 3454 haee
1103 3397 1143 3454 sie
1162 3398 1301 3467 descripta

130 3478 286 3548 suspecta
304 3475 443 3543 videntur,
463 3495 525 3530 oum
545 3481 656 3547 praeter
672 3495 778 3534 morem
792 3480 998 3550 Hesychianum
1018 3481 1052 3535 de
1072 3479 1239 3534 carminibus
1258 3479 1300 3533 bis

130 3555 264 3615 dicatur
301 3552 428 3624 ἐλεγείαν
448 3561 470 3608 Δ
494 3560 618 3613 extrema
636 3560 723 3614 verba
741 3560 874 3630 expunxi,
894 3578 948 3616 om.
964 3561 1038 3615 Eud.

220 3643 335 3699 DGCVI
355 3663 409 3700 om.
429 3651 451 3697 Δ
470 3649 499 3700 et
512 3649 598 3717 Eud,
617 3650 703 3704 habet
721 3650 957 3720 Pseudo-Hespeb.
976 3667 998 3703 e.
1014 3656 1057 3717 60,
1077 3653 1302 3704 memoraverunt

130 3728 257 3784 Athen.
278 3725 342 3779 XIII
361 3744 387 3795 p.
404 3731 470 3794 596,
490 3727 589 3783 Suidas
607 3749 632 3785 v.
654 3729 751 3796 Φάων,
771 3731 879 3785 Aelian.
902 3732 935 3786 V.
954 3731 988 3786 H.
1008 3731 1067 3797 XII,
1090 3736 1131 3784 19.
1162 3730 1201 3786 Of.
1219 3732 1300 3787 Phot.

130 3822 168 3866 v.
184 3800 348 3875 Λευκάτης.
382 3807 425 3859 Ex
443 3825 498 3861 una
517 3810 626 3877 poetria
645 3812 714 3866 duas
732 3812 812 3866 fictas
832 3829 891 3867 esse
911 3814 1031 3867 constat:
1052 3811 1086 3865 ef.
1103 3811 1241 3878 Welcker,
1257 3811 1300 3865 KI.

130 3883 229 3946 Sohr.
250 3886 324 3956 Hp.
346 3893 409 3954 110,
428 3887 453 3940 V
472 3907 499 3957 p.
518 3895 584 3957 2383
607 3892 717 3947 Unters.
736 3912 763 3962 p.
781 3900 828 3960 473
852 3893 963 3959 Rohde,
986 3894 1057 3946 Mus.
1078 3893 1166 3949 Rhen.
1183 3892 1301 3944 XXXIII

130 3981 169 4035 p.
187 3974 255 4025 214.
289 3967 423 4022 Additam
443 3968 531 4023 vitam
550 3970 586 4023 ab
605 3971 640 4025 iis
659 3989 732 4040 esse,
752 3973 800 4042 qui
818 3972 994 4028 meretricem
1008 3972 1129 4027 Phaonis
1143 3989 1236 4025 amore
1251 3972 1300 4025 ab·

130 4052 261 4133 reptem
277 4048 417 4117 apostria
432 4049 648 4121 distinguerent,
667 4054 828 4109 observavit
842 4055 986 4123 Kasterus.
1016 4053 1094 4107 Certe
1114 4053 1148 4106 ab
1167 4050 1301 4120 Hesychii

130 4129 266 4201 lngenio
286 4127 380 4182 aIIena
399 4132 448 4184 est.
481 4131 522 4185 De
542 4133 639 4186 eadem
658 4134 692 4188 ef.
708 4134 814 4203 Maass‚
833 4136 925 4204 Biogr.
945 4153 971 4204 p.
988 4141 1020 4188 41
1085 4139 1117 4187 15
1136 4129 1300 4188 κατεπόντι-

131 4223 196 4265 σεν
216 4210 293 4278 vulp.
313 4207 527 4264 κατεπόντωσεν
545 4216 620 4265 m

222 4288 350 4343 DOCVII
368 4290 443 4344 Eud.
463 4308 490 4359 p.
507 4297 558 4345 640
613 4299 646 4347 22
665 4289 728 4347 τινά
748 4312 799 4362 pro
820 4293 908 4366 συχνά
928 4300 974 4347 BE
1033 4294 1082 4348 καλ
1100 4292 1202 4362 τέχνην
1221 4289 1301 4363 ῥητο-

133 4367 235 4443 ρικὴν
254 4370 391 4425 lectorem
410 4370 552 4427 addidisse
571 4373 717 4442 probabile
736 4378 791 4445 est,
810 4375 866 4430 nisi
883 4376 957 4430 forte
976 4377 1040 4430 ante
1059 4375 1145 4430 verba
1163 4374 1212 4429 καὶ
1231 4371 1300 4430 ἄλλα

133 4449 243 4524 συχνά
263 4452 472 4522 transponenda
