2880 5054
178 290 223 354 30
642 286 856 342 HESYCHIUS.

177 470 265 534 σιος,
298 447 468 529 ἐποποιός,
498 444 650 533 μαθητὴς
673 444 834 534 Ὁμήρου,
862 443 907 524 ῶς
934 448 1022 532 λέγει
1050 444 1069 514 6
1100 448 1323 535 Κλαζομένιος

174 555 338 644 Ἀρτέμων
367 557 403 623 ἐν
432 559 477 647 τῷ
505 555 580 641 περὶ
599 550 759 641 Ὁμήρου,
788 551 935 640 γεγονῶς
961 551 1043 621 κατὰ
1072 552 1136 640 τὴν
1159 556 1202 621 θ’
1229 553 1322 641 ὀλυμ-

176 663 293 751 πιάδα,
316 661 395 750 μετὰ
419 661 611 749 τετρακόσιοι
636 665 690 746 ἔτη
715 665 783 729 τῶν
810 664 978 745 Τρωικῶν.

268 771 350 838 CIX.
381 767 676 856 Ἁρποκρατίων
693 766 853 855 Ἀργεῖος,
884 764 1100 846 Πλατωνικός
1128 765 1322 854 φιλόσοφος,

151 874 367 964 ισυμβιωτης
394 881 573 962 Καίσαρος.
625 880 769 962 ἔγραψεν
803 875 982 963 ὑπόμνημα
1017 878 1065 954 είς
1093 872 1263 941 Πλάτωνα
1290 876 1321 942 ἐν

175 989 321 1070 βιβλίοις
343 982 407 1069 κδ’,
431 984 534 1063 λέξεις
557 981 742 1061 Πλάτωνος
765 983 801 1049 ἐν
824 986 968 1066 βιβλίοις
990 980 1035 1067 β’.

268 1092 334 1158 CX.
365 1087 708 1178 Ἁρποκρατίων
735 1085 752 1155 6
777 1087 880 1167 Γόιός
909 1091 1126 1175 χρηματίσας,
1156 1086 1322 1173 σοφιστής.

178 1204 301 1286 ἔγραψε
324 1197 398 1282 περὶ
422 1201 489 1267 τῶν
510 1192 735 1327 Ἀντιφῶντος
757 1193 946 1280 σχημάτων,
968 1193 1042 1280 περὶ
1066 1196 1136 1261 τῶν
1149 1190 1322 1281 Ὑπερίδου

176 1307 232 1373 καὶ
257 1310 388 1372 Λυσίου
410 1302 524 1390 λόγων
546 1303 601 1369 καὶ
626 1303 729 1387 ἕτερα.

141 1435 165 1471 ιο
269 1414 351 1479 ΟΧΙ.
382 1408 677 1496 Αρποκρατίων
711 1403 728 1473 6
760 1414 876 1485 Αἴλιος
907 1412 1125 1494 χρηματίσας,
1158 1407 1322 1495 σοφιστης.

179 1524 302 1605 ἔγραψε
330 1518 405 1605 περὶ
438 1520 503 1585 τῶν
534 1514 730 1582 δοκούντων
758 1527 827 1591 τοῖς
849 1511 1010 1600 ρήτορσιν
1034 1512 1246 1602 ηγνοῆσθαι,
1270 1516 1321 1583 ’καλ

178 1622 357 1702 ὑποθέσεις
383 1627 450 1691 τῶν
478 1622 589 1708 λόγων
608 1619 803 1708 Ὑπερίδου,
831 1621 905 1708 περὶ
928 1626 989 1689 τοῦ
1013 1626 1244 1703 κατεψεῦσθαι
1265 1622 1321 1710 τὴν

172 1728 359 1818 Ἡροδότου
381 1733 545 1817 ἱστορίαν,
570 1729 645 1816 περὶ
668 1731 736 1795 τῶν
759 1724 847 1815 παρὰ
870 1729 1064 1816 Ξενοφῶντι
1089 1728 1230 1816 τάξεων,
1253 1730 1322 1819 περὶ

178 1839 295 1924 τέχνης
321 1840 514 1925 ῥητορικῆς,
537 1835 612 1920 περὶ
637 1839 747 1902 ἰδεῶν.

139 1967 165 2007 ιι
268 1945 368 2011 CXII.
404 1941 701 2031 Ἁρποκρατίων
730 1938 747 2008 6
776 1943 937 2029 Βαλέριος
964 1947 1184 2029 χρηματίσας,
1219 1944 1324 2033 ῥήτωρ

175 2048 418 2138 Ἀλεξανδρεύς.
464 2051 567 2129 λέξεις
588 2051 656 2116 τῶν
680 2047 706 2114 ι’
730 2048 899 2135 ῥητόρων,
930 2045 1093 2135 ἀνθηρῶν
1117 2050 1325 2138 συναγωγήν.

269 2157 383 2224 CXIII.
404 2153 611 2244 Ἀρριανὸς
630 2154 796 2240 ἐποποιός,
818 2153 1027 2242 μετάφρασιν
1045 2159 1113 2223 τῶν
1131 2161 1324 2245 γεωργικῶν

178 2268 238 2331 τοῦ
263 2269 462 2351 Βερχιλλίου
490 2264 608 2341 ἐπικῶς
636 2261 790 2347 ποιήσας,
816 2258 1075 2350 Ἀλεξανδριόδα
1103 2265 1189 2353 (ἔστι
1221 2265 1261 2333 δὲ
1287 2262 1324 2333 τὰ

178 2370 259 2438 κατὰ
291 2369 352 2439 τὸν
384 2368 569 2438 Μακεδόνα
602 2369 639 2435 ἕν
672 2369 858 2458 ῥαψωδίαις
887 2368 971 2456 κδ’),
1004 2374 1051 2449 είς
1071 2367 1240 2441 ’Ἀτταλον
1267 2372 1325 2440 τὸν

141 2501 167 2541 20
181 2476 407 2566 Περγαμηνὸν
431 2476 606 2563 ποιήματα.

268 2587 380 2654 CXIV.
414 2581 622 2671 Ἀρριανδς
645 2581 870 2669 Νικομηδεύς,
893 2581 1082 2672 φιλόσοφος
1098 2582 1327 2675 Ἑπικτήτειος,

179 2689 197 2759 ό
227 2693 417 2779 ἐπικληθεὶς
441 2694 517 2770 νέος
539 2693 711 2777 Ξενοφῶν.
757 2680 800 2775 ἦν
825 2689 862 2757 δὲ
886 2690 923 2757 ἐν
940 2688 1048 2780 Ῥῶμη
1072 2692 1126 2760 ἐπὶ
1148 2690 1326 2782 Ἀδριανοῦ

251 2913 267 2958 2
286 2907 320 2960 de
340 2907 491 2962 Artemone
505 2924 531 2960 v.
548 2906 654 2959 Μηλίου
667 2904 705 2957 Ν
719 2922 746 2973 p.
762 2909 812 2958 341
868 2900 900 2958 α’
914 2901 1016 2975 ὀλυμπ.
1031 2905 1214 2977 δικηιδαοολι,
1229 2909 1326 2963 Annel.

179 2984 251 3038 Phil.
272 2992 304 3039 67
325 3005 351 3055 p.
366 2992 431 3053 379,
455 2986 531 3040 idem
553 2985 628 3039 infra
650 2981 720 3054 μετὰ
739 2981 786 3053 ιη’
809 2982 857 3054 έτη
880 2986 1039 3055 proposuit,
1062 2985 1133 3056 μετὰ
1157 2984 1208 3059 υμ’
1229 2989 1327 3043 maluit

180 3065 286 3132 Ιδολιίι,
306 3067 375 3120 Mus.
391 3067 478 3121 Rhen.
494 3064 612 3119 XXXIII
626 3083 653 3134 p.
670 3070 734 3132 173,
753 3065 783 3118 iit
803 3067 832 3119 et
850 3081 956 3134 supras.
976 3070 990 3120 λ
1005 3072 1036 3135 V,
1055 3086 1085 3120 υι
1103 3072 1125 3119 Ε

251 3154 432 3209 CIX-CXII
464 3155 579 3210 Brevius
606 3154 739 3219 alterum,
768 3153 895 3221 tertium,
922 3155 1052 3223 quartum
1078 3156 1165 3227 Harp.
1194 3157 1326 3213 tractavit

179 3234 256 3292 Εαιί.
271 3253 297 3304 p.
314 3240 364 3288 112
380 3250 445 3304 ειη,
464 3234 552 3289 fusius
567 3233 689 3304 primum
702 3251 730 3302 p.
747 3238 806 3302 125,
826 3234 875 3288 sed
890 3233 1001 3289 inverso
1015 3234 1122 3306 ordine,
1137 3254 1203 3293 oum
1218 3238 1325 3295 Aelium

180 3318 280 3384 eoquat
282 3334 314 3369 ur
268 3314 429 3382 t,Gaius
449 3315 523 3370 huno
542 3313 678 3370 Valerius.
716 3313 828 3368 Aelium
847 3315 965 3369 eundem
984 3332 1044 3370 esse
1064 3334 1127 3371 oum
1147 3316 1221 3374 Gaio
1240 3318 1326 3387 suspi-

181 3399 260 3450 catus
279 3397 322 3449 ost
339 3396 405 3465 post
423 3358 572 3464 Ximelinp
592 3395 657 3464 Lyo.
677 3395 709 3449 fr
730 3413 757 3464 p.
773 3400 807 3449 20
826 3395 913 3449 etiam
935 3396 1040 3452 Μαλία
1057 3396 1142 3467 IVp.
1158 3404 1222 3455 412.
1250 3398 1326 3453 Cete-

181 3494 242 3528 rum
262 3475 296 3531 of.
315 3475 439 3544 Boysen‚
462 3477 496 3530 de
515 3475 679 3556 Harpoornt.
699 3475 767 3529 font.
787 3493 814 3544 p.
832 3482 865 3530 10
880 3493 919 3544 sq.
1005 3471 1238 3548 οδπομνήμιιτα
1256 3477 1326 3532 Eud.

181 3551 334 3626 ὑπόμνημα
353 3560 417 3626 post
436 3553 522 3612 Πλαι.
543 3538 657 3611 iteravit
675 3560 698 3607 Δ

253 3635 300 3689 CX
330 3635 471 3705 Ιέχραψε
492 3654 547 3691 om.
566 3642 587 3688 E

254 3715 314 3770 CXI
344 3723 375 3770 11
396 3723 454 3779 τοῖς
472 3734 525 3771 om.
545 3722 568 3769 Δ

253 3795 326 3849 CXII
356 3802 388 3850 16
409 3793 598 3866 συναγωγήν

252 3876 340 3930 CXIII
358 3878 434 3932 Eud.
454 3896 479 3947 p.
498 3884 556 3932 115.
586 3876 661 3931 Duos
680 3876 828 3945 scriptores
849 3873 963 3928 Suidam
983 3874 1012 3945 (i.
1028 3891 1051 3932 e.
1066 3874 1251 3948 Hesychinm)
1265 3894 1324 3933 oon·

180 3957 296 4022 fudisse,
317 3975 380 4011 oum
398 3958 473 4011 idem
493 3975 548 4014 non
563 3957 763 4027 Georgicorum
777 3955 968 4025 metaphrasin
987 3957 1016 4010 et
1032 3956 1225 4013 laudationem
1240 3956 1323 4013 Attali

180 4055 345 4109 componere
365 4039 500 4107 potuerit,
520 4042 615 4093 conset
631 4037 769 4101 Mainake,
788 4035 867 4090 Anal.
884 4054 911 4105 p.
928 4042 989 4090 371.
1027 4035 1067 4089 Cf.
1082 4037 1178 4106 Daub,
1198 4038 1233 4093 de
1252 4037 1322 4092 Suid.

180 4138 206 4188 p.
221 4125 273 4172 416
348 4125 379 4171 17
400 4117 558 4187 μετὲφρασε
579 4116 613 4172 τὰ
635 4123 663 4171 Β.
684 4136 724 4186 χε.
745 4112 849 4177 ἕπικῶς
873 4114 922 4169 καλ
944 4111 1014 4170 ἄλλα
1033 4113 1122 4172 πολλοὶ
1142 4115 1185 4181 είς
1199 4113 1323 4173 ’Ἄτταλον

179 4219 202 4252 τ
218 4203 303 4267 Περχ
317 4199 392 4252 Ero.
446 4205 477 4251 18
493 4195 613 4265 ποιήσας
627 4214 702 4265 susp.
755 4202 786 4249 19
802 4193 935 4269 βαυωδίᾳ
948 4199 1020 4266 vulp
1036 4199 1076 4267 (et
1088 4197 1209 4253 fortasse
1218 4201 1252 4268 Δ)
1265 4198 1322 4267 post

180 4275 313 4353 όαψωδία
333 4280 435 4332 lacuna
455 4278 558 4331 extat'
550 4297 578 4331 1n
594 4282 693 4331 mid.
713 4273 909 4345 ραψωδιάις7
964 4282 999 4330 20
1018 4272 1163 4348 ποιήματα
1182 4295 1236 4333 om.
1251 4276 1321 4331 Erat

252 4335 338 4412 CXIV
357 4358 433 4412 End.
453 4377 480 4427 p
497 4363 556 4425 120,
576 4375 647 4425 ιμιοο
663 4375 715 4412 om.
731 4359 786 4411 τῶν
802 4357 982 4428 βασιλέων-
951 4359 1042 4423 -δεξ
1029 4355 1152 4427 ξιότητα.
1173 4359 1214 4415 Cf.
1231 4358 1321 4429 Steph.

182 4438 244 4505 Byr..
265 4458 289 4493 v.
311 4435 491 4508 Νικομήδεια
