2910 5056
193 275 231 337 10
657 274 869 328 IIIISYCHIUS.

275 437 375 501 XXX.
415 433 589 513 Ἀλκαῖος
618 441 876 522 ΙΜυτιληναῐος,
903 432 984 524 εἶτα]
1013 432 1205 520 Ἀθηναῖος,
1235 462 1326 521 κωμι-

186 539 245 619 κὸς
262 545 320 627 τῆς
338 538 476 628 ἀρχαίας
494 545 670 632 κωμῳδίας
686 543 871 630 [πέμπτος],
895 540 968 622 υίὸς
989 542 1026 610 δὲ
1042 548 1185 611 Μίκκου.
1209 547 1326 630 ἔγραφε

187 649 337 734 δράματα
362 650 450 716 δέκα.

273 776 390 840 XXXI.
429 772 676 861 Ἁλκιβιάδης
711 773 785 854 υίὸς
816 780 977 843 Κλεινίου
1010 775 1065 842 καὶ
1097 777 1155 860 τῆς
1187 772 1329 862 ἀδελφῆς

159 881 404 966 ῦίίερικλέους,
424 878 617 966 Ἀθηναῖος,
641 880 828 968 φιλόσοφος
845 882 901 949 καὶ
920 882 1047 968 ῥήτωρ,
1071 880 1226 968 μαθητὴς
1247 886 1329 969 πρῶ-

185 1013 244 1054 τον
260 993 426 1074 Σοφίλου,
442 986 510 1055 εἶτα
526 988 738 1075 Σωκράτους,
758 981 799 1056 οὗ
814 989 868 1055 καλ
884 981 971 1075 <ῆυ>
987 986 1164 1074 ἐρώμενος,
1180 986 1225 1068 ὥς
1239 1015 1330 1069 τινες.

187 1095 254 1177 [καὶ
273 1097 308 1162 ἐκ
328 1095 462 1163 δούλων
481 1096 518 1164 δὲ
536 1096 697 1182 τεχθέντα
714 1095 802 1174 τινὲς
821 1095 1059 1182 ἱστορήκασιν]
1086 1088 1201 1178 [οὗτος
1219 1097 1329 1183 ἐστρα-

187 1200 330 1287 τῆγησεν
352 1199 555 1287 Ἀθηναίων·
578 1202 633 1269 καί
651 1202 814 1287 λυπηθεὶς
833 1200 890 1269 διὰ
912 1200 949 1270 τό
974 1205 1123 1271 ἐκπεσεῖν
1148 1199 1256 1269 αὐτὸν
1278 1206 1331 1288 τῆς

186 1314 383 1394 στρατηγίας
411 1312 469 1395 τῆς
498 1312 565 1377 τῶν
590 1306 722 1396 Ἑρμῶν
752 1305 924 1395 ἀποκοπῆς
954 1310 1066 1394 ἕνεκα,
1098 1308 1152 1376 καὶ
1187 1305 1333 1388 ἀποστάς

146 1430 171 1467 ¹⁰
185 1413 267 1501 πρὸς
294 1417 527 1502 Τισσαφέρνην
550 1415 610 1484 τὸν
629 1417 768 1502 Πέρσην
790 1416 844 1482 καλ
863 1416 1010 1502 πολέμου
1028 1425 1134 1496 αίτιος
1151 1414 1333 1502 γενόμενος

183 1519 386 1607 Ἀθηναίοις,
405 1521 506 1590 πάλιν
526 1519 639 1602 αὐτοῖς
652 1521 773 1602 εὔνους
787 1523 926 1608 ἐγένετο.
954 1524 1133 1609 μέλλοντος
1148 1522 1185 1590 δὲ
1205 1521 1334 1590 Λυσάν-

187 1635 271 1720 δρου
291 1628 393 1699 αὐτὸν
413 1627 575 1718 ἀναιρεῖν,
594 1627 672 1717 παρ’
689 1621 715 1721 ᾦ
737 1632 902 1716 διέτριβεν
919 1634 966 1709 είς
979 1630 1095 1717 κώμην
1108 1634 1167 1716 τῆς
1184 1635 1334 1716 Φρυγίας

187 1741 299 1828 ἑταίρα
319 1737 443 1823 συνών,
462 1737 547 1825 όναρ
562 1729 604 1824 ῆν
619 1738 821 1824 τεθεαμένος
834 1734 980 1804 τοιόνδε·
1000 1735 1108 1805 ἐδόκει
1125 1735 1189 1824 τῆν
1208 1740 1334 1824 ἐσθῆτα

185 1851 243 1933 τῆς
271 1846 401 1934 ἑταίρας
429 1851 512 1933 έχων
540 1850 696 1912 καίεσθαι
728 1846 804 1930 δίχα
829 1848 888 1929 τῆς
909 1845 1064 1930 κεφαλῆς
1088 1847 1123 1911 οί
1144 1844 1334 1931 δορυφόροι

147 1965 172 2004 ¹5
187 1952 223 2021 δὲ
247 1953 437 2032 ἐπιστάντες
459 1949 600 2039 ὑφῆψαν
623 1949 684 2036 τῆν
705 1951 842 2037 σκηνήν,
863 1947 880 2018 ὁ
905 1950 942 2018 δὲ
966 1936 1112 2030 ἐξελθὼν
1135 1956 1193 2040 βίᾳ
1217 1951 1333 2038 τιτρω-

186 2080 297 2128 σκεται
327 2064 491 2146 διωχθείς.
538 2063 573 2125 οί
594 2057 631 2126 δὲ
653 2055 715 2144 τῆν
739 2056 888 2144 κεφαλῆν
911 2055 1093 2143 ἀφελόντες
1116 2055 1222 2129 αὐτοῦ
1244 2066 1335 2143 Φαρ-

185 2166 317 2258 ναβάζῳ
337 2171 552 2254 κομίζουσιν]

275 2295 411 2360 XXXII.
451 2289 684 2377 Ἀλκιδάμας
709 2288 858 2376 Ἐλαίτης
885 2288 951 2357 ἀπὸ
977 2287 1108 2370 Ἐλαίας
1133 2294 1192 2370 τίς
1213 2289 1335 2377 Ἀσίας,

186 2399 388 2487 φιλόσοφος,
422 2400 606 2477 Διοκλέους
633 2396 721 2483 υίός,
754 2395 897 2484 μουσικά
926 2397 1146 2484 γεγραφότος,
1179 2397 1337 2485 μαθητῆς

147 2516 173 2556 ²⁰
187 2513 333 2596 Γοργίου
356 2509 418 2575 τοῦ
442 2511 634 2574 Λεοντίνου.

278 2635 428 2700 XXXIII.
469 2630 694 2732 Ἀλκιμένης
717 2628 894 2717 Μεγαρεὺς
916 2628 1079 2715 τραγικός.

275 2745 343 2806 ἔστι
368 2738 404 2807 δὲ
427 2740 482 2806 καὶ
506 2741 615 2826 ἕτερος
635 2737 862 2825 Ἀλκιμένης
882 2734 1062 2820 Ἀθηναῖος
1084 2736 1239 2823 κωμικός.

186 3069 291 3124 comico
310 3067 453 3139 perspexit
471 3068 619 3123 ΜείκιίιιΙ
638 3086 664 3137 p.
685 3073 737 3121 244
752 3084 822 3136 seq.‚
844 3084 906 3121 cum
926 3067 1045 3122 Alcaeus
1063 3067 1177 3124 fabulae
1193 3074 1337 3145 Κωμῳδο-

185 3148 493 3298 ἑραιηφδιὲφςΙφὲίιηοοηρε
512 3148 625 3203 habitus
645 3148 689 3203 sit.
718 3147 836 3203 Secutus
855 3149 898 3203 esi
916 3148 1051 3202 Westerm.
1081 3147 1121 3203 cf.
1136 3149 1338 3220 Waehsmuth,

257 3328 332 3383 XXX
351 3328 427 3382 Εκδ.
447 3347 473 3396 p.
495 3333 544 3382 102
618 3335 631 3381 1
652 3327 737 3382 verba
755 3329 948 3395 Μυτιληναῖος
971 3322 1033 3379 εἶτα
1055 3325 1172 3380 seclusis
1195 3328 1337 3385 chterm.

187 3405 247 3462 εἶτα
263 3404 409 3478 Ἀθηναῖος
423 3426 477 3463 om.
492 3408 567 3463 Eua.
640 3416 656 3462 2
675 3405 848 3478 πέμπτος-
863 3408 976 3460 Μίκκαν
997 3422 1050 3461 om.
1065 3405 1141 3459 Ειιιί.
1160 3402 1291 3476 πέμπτος
1309 3409 1338 3464 in

186 3488 389 3544 dubitationem
409 3488 521 3543 vocavit
540 3487 677 3555 Μοίκιίω,
695 3488 772 3542 uncis
792 3485 1008 3554 circumscripsit
1026 3485 1163 3542 Westerm.

256 3586 347 3640 XXXI
366 3604 419 3640 om.
436 3586 572 3640 Westersn.
628 3587 790 3654 6Σσφιλον
809 3588 915 3637 annu
933 3583 1066 3651 Σωφίλου
1085 3584 1157 3652 ναῖς.
1214 3575 1251 3652 ῆν
1272 3586 1338 3661 add.

186 3667 270 3720 Daui)
344 3665 427 3719 luci
447 3661 478 3719 έν
499 3661 607 3720 δούλων
625 3698 659 3707 -
679 3663 857 3735 ἱστορήκασιν
876 3681 932 3718 non
954 3664 990 3718 ad
1008 3663 1184 3718 Alcibiadem
1204 3669 1338 3734 spectare

187 3746 245 3800 dixi
263 3747 334 3800 Mus.
353 3746 441 3800 Rhea.
461 3744 479 3798 l.
499 3763 522 3799 c.
541 3764 568 3814 p.
588 3752 653 3814 203,
676 3746 712 3800 ad
738 3744 881 3800 Alcmanis
908 3744 996 3799 vibam
1022 3743 1133 3799 rettulit
1155 3745 1339 3819 Bernhardy,

186 3844 306 3896 quocum
330 3826 468 3882 consentit
491 3825 663 3894 Gatscbmid,
688 3825 737 3893 qui
760 3825 825 3880 inde
844 3825 986 3879 Alcmanis
1011 3824 1098 3878 vitam
1120 3824 1150 3878 in
1170 3824 1250 3880 fonte
1271 3832 1339 3897 posi

186 3906 341 3961 Alcibiadis
368 3908 470 3960 lectam
498 3923 557 3960 esse
586 3924 748 3977 persuasum
778 3905 901 3960 habebat
926 3905 1036 3973 (merito
1067 3902 1191 3974 neglexit
1221 3906 1338 3962 Wacbs·

186 3988 317 4054 κικίίιίκσ)
391 3976 518 4048 οὗτος-
536 3989 600 4042 exit.
620 3989 656 4042 ab
673 3985 813 4055 Hesychio
832 3985 925 4040 aliena
941 4001 1000 4039 esse
1020 3984 1117 4039 eodem
1137 3984 1201 4039 loco
1220 3986 1312 4042 statui

189 4073 219 4121 11
235 4064 401 4136 Λυσάνδρου
416 4070 523 4118 ABR!
595 4073 627 4120 16
648 4063 833 4139 Φαρναβάζου
853 4065 973 4120 mutavit
991 4066 1034 4120 ed.
1048 4070 1106 4117 Bas.

257 4164 360 4219 XXXII
381 4172 413 4219 18
434 4159 562 4230 Ἐλαίτης
581 4157 632 4217 ἀπ’
651 4158 763 4226 Ἐλαίας
782 4164 960 4219 (λοεαιιδοιιιιε
978 4164 1015 4217 ad
1028 4163 1130 4218 Athen.
1146 4162 1221 4230 XIII,
1235 4182 1262 4233 p.
1280 4172 1336 4220 592

184 4240 300 4313 Ἐλαίτης
318 4239 375 4298 ἀπὸ
392 4239 489 4305 Ἐλέας
503 4245 576 4311 vulp.
592 4237 724 4310 Ἐλεάτης
741 4261 794 4298 om.
810 4246 872 4300 edd.
886 4246 956 4299 vett.
970 4245 1046 4301 Eua
1075 4244 1115 4301 Cf.
1130 4244 1244 4298 Tzeizes
1259 4243 1336 4300 Chii.

187 4326 238 4391 XI,
258 4331 317 4379 746.
354 4324 440 4378 Elaea
459 4325 519 4378 erat
537 4322 603 4376 urbs
621 4323 713 4377 Asiae.

258 4411 374 4466 XXXIII
393 4411 522 4467 Meineke
541 4414 553 4466 l
572 4430 599 4481 p.
618 4419 667 4467 101
689 4431 744 4483 seq.
