2910 5056
226 299 314 354 LVIII
656 295 940 352 PROLEGOMENA.

227 463 311 528 maei
335 461 587 547 Hephaestionis
610 460 757 525 historiis
782 461 1003 545 compilatam,
1032 456 1197 541 Διογένης
1214 452 1310 523 Ἱκεσ.
1334 481 1374 522 cx

227 569 324 655 Diog.
342 567 448 632 Laert.
467 566 528 652 VI,
549 567 591 632 74
608 588 682 651 seq,
709 566 836 649 Φρῦνις
860 587 898 630 ex
922 566 1021 630 schol.
1042 566 1096 632 Ar.
1114 563 1199 630 Nub.
1217 565 1293 630 967.

18 690 20 695 ⁴
144 681 204 759 §6
316 672 582 771 Moneoetiarn,
614 672 646 737 id
676 673 761 757 quod
790 694 902 737 omnes
931 672 1031 757 fugit,
1064 673 1148 737 vitas
1180 673 1376 757 pictorum

224 776 392 866 Ἀπελλῆς,
425 771 617 865 Πάμφιλος,
646 778 868 866 Πρωτογένης
891 801 928 844 ex
956 780 1041 845 libro
1066 776 1142 865 περὶ
1170 773 1375 864 ὁμωνύμων,

226 889 366 954 fortasse
389 886 682 974 Argesphontis
707 886 757 950 vel
783 887 865 969 eius,
890 886 944 970 qui
967 885 1029 950 hoc
1053 887 1183 950 nomine
1206 885 1378 971 gloriatur,

226 994 392 1079 Hesychia
415 994 638 1078 suppeditatas
663 1014 741 1057 esse.
778 991 912 1056 Maassii
931 991 1055 1078 (Biogr.
1074 1017 1104 1078 p.
1120 994 1163 1057 24
1182 991 1262 1078 seq.)
1287 993 1376 1058 enim

226 1123 330 1186 nugas
355 1101 535 1166 illustravit
558 1099 687 1184 Rohde,
712 1097 875 1165 Centralb.
901 1100 986 1164 1880
1010 1097 1063 1185 Sp.
1089 1101 1184 1166 1743.

144 1216 202 1295 §7
316 1205 529 1292 Praecipuum
558 1207 715 1292 Hesychii
746 1207 872 1271 fontem
901 1207 935 1270 in
964 1206 1140 1271 tractandis
1172 1212 1377 1292 poetarum

227 1315 318 1399 vitis,
349 1337 465 1399 nempe
494 1315 682 1398 lyricomm,
714 1314 927 1398 tragicorum,
959 1315 1168 1403 comicorum,
1200 1316 1378 1401 epicorum,

227 1409 336 1487 fuisse
353 1421 538 1506 Dionysii
559 1420 925 1486 Halicarnassensis
949 1422 1120 1486 historiam
1138 1422 1306 1506 musicam,
1324 1424 1377 1488 vel

228 1530 337 1612 potius
357 1529 425 1593 eius
445 1528 622 1612 epitomen,
646 1549 780 1612 eamque
803 1528 951 1614 intellegi
975 1551 1003 1594 v.
1018 1523 1202 1613 Ὀρφεόςῑ),
1224 1523 1379 1613 Ἀντιφά-

229 1658 301 1718 νης,
321 1636 494 1719 Παμφίλη,
512 1636 709 1720 Σωτηρίδας
729 1632 800 1716 (ubi
818 1638 929 1698 tamen
944 1633 1086 1700 Suidana
1105 1640 1195 1700 extat
1214 1635 1292 1720 vita,
1311 1659 1379 1703 non

229 1739 467 1827 Hesychiana),
486 1741 609 1824 primus
629 1740 710 1805 vidit
729 1738 906 1805 Schneider
923 1741 943 1805 l.
963 1763 988 1806 c.
1007 1764 1036 1825 p.
1053 1743 1095 1807 29
1111 1765 1176 1826 seq.
1198 1742 1379 1808 evidenter-

229 1871 290 1932 que
309 1848 556 1931 demonstravit,
579 1869 639 1912 nec
656 1848 764 1912 miuus
784 1847 929 1912 ordinem
954 1848 1195 1932 alphabeticum
1219 1849 1254 1914 in
1278 1851 1378 1916 eonfi-

230 1954 344 2020 cienda
362 1955 521 2020 librorum
539 1954 653 2019 tabula
672 1954 879 2019 observatum
895 1955 1103 2039 sagacissime
1123 1956 1321 2042 observavit,
1341 1958 1379 2022 de

230 2084 292 2145 quo
311 2062 408 2147 paulo
428 2065 504 2127 ante
523 2062 622 2126 etiam
637 2060 837 2139 Volkmann,
860 2061 898 2125 de
918 2059 1004 2127 Suid.
1024 2062 1126 2148 biogr.
1145 2087 1177 2148 p.
1191 2064 1234 2128 29
1255 2062 1378 2151 (Bonn.

232 2168 331 2256 1861)
355 2172 535 2234 monuerat.
572 2167 665 2245 Quod
683 2167 834 2250 Dionysii
853 2190 934 2252 opus
957 2169 1194 2252 amplissimum
1218 2170 1379 2258 aRufo²)

232 2276 372 2360 quodam
395 2275 429 2340 in
453 2276 582 2341 brevius
604 2280 751 2341 coactum
770 2273 884 2359 fuisse,
908 2275 997 2339 cuius
1022 2298 1060 2340 ex
1083 2277 1225 2361 epitome
1244 2276 1381 2363 Sopatri

229 2383 415 2469 eclogarum
438 2383 521 2448 liber
545 2384 654 2446 sextus
678 2380 821 2465 fluxerit,
846 2380 940 2446 docet
961 2379 1055 2447 Phot.
1075 2383 1153 2447 bibl.
1172 2384 1294 2467 p.103.

317 2489 398 2556 Post
422 2488 608 2554 Schneideri
634 2487 887 2570 disputationem
906 2487 1058 2571 Dionysii
1082 2490 1224 2555 studium
1243 2514 1382 2576 prorsus

230 2599 297 2664 fere
312 2594 799 2682 explanavemntWachsmutb,
815 2593 959 2680 Symbol.
974 2619 1004 2680 p.
1021 2597 1083 2662 146
1095 2620 1161 2682 seq.
1176 2597 1329 2684 etDaub,
1343 2601 1382 2665 de

230 2705 316 2770 Suid.
336 2728 366 2790 p.
384 2704 450 2768 410
464 2724 538 2785 seq,
558 2724 693 2786 quorum
713 2706 847 2785 uterque
868 2699 1059 2767 Callimachi
1077 2705 1218 2780 πίνακας
1233 2707 1382 2773 omnino·

231 2833 292 2895 que
316 2808 587 2874 bibliothecarum
606 2809 773 2893 catalogos
792 2808 964 2893 primarios
978 2808 1131 2893 Dionysii
1149 2809 1256 2876 fontes
1276 2813 1382 2879 fuisse

231 2916 336 2981 evicit.
380 2916 488 2999 Atque
509 2914 543 2978 in
567 2914 767 2997 tragicorum
790 2915 866 2978 vitis
890 2913 1074 3000 fragmenta
1096 2916 1254 2982 historiae
1278 2922 1382 2986 musi-

231 3045 286 3088 cae
306 3023 482 3107 conspicua
501 3025 590 3086 sunt:
611 3044 640 3085 v.
661 3020 837 3105 Διογένης,
854 3023 1033 3105 Κλεοφῶν,
1053 3023 1256 3117 Λυκόφρων,
1278 3030 1382 3092 Φιλο-

230 3131 321 3215 κλῆς,
340 3131 550 3212 Σπίνθαρος,
565 3121 825 3211 Ἀπολλόδωρος,
839 3124 1042 3214 Νικόμαχος,
1061 3133 1273 3215 Τιμησίθεος,
1291 3132 1381 3219 Φρύ-

231 3260 339 3321 νιχος,
358 3237 393 3300 in
410 3235 619 3300 comicorum:
639 3232 1383 3325 v.Xravcop9,·1(9dvp9,Eduoumndvav,

233 3340 388 3425 Λεύκων,
412 3338 668 3426 Κηφισόδωρος,
694 3338 839 3426 Φόρμος,
866 3339 1044 3428 Φρύνιχος,
1067 3347 1226 3427 Καλλίας,
1250 3344 1382 3431 Στράτ-

231 3474 290 3532 τις,
309 3445 511 3534 Νικοχάρης,
530 3449 706 3532 Νικοφῶν,
728 3449 928 3532 Φιλωνίδης,
950 3446 1141 3533 Φιλύλλιος,
1161 3455 1383 3539 Σαννυρίων,

235 3560 407 3638 Φιλίσκος,
431 3557 464 3620 in
483 3555 662 3640 epicorum:
685 3577 713 3621 v.
733 3547 940 3641 Νίκανδρος,
964 3549 1165 3642 Εὐφορίων,
1188 3553 1384 3645 Εὔμολπος,

227 3658 397 3745 Ἡσίοδος,
427 3658 617 3744 Πανύασις,
637 3657 796 3745 Ἥριννα,
824 3664 997 3747 Χοιρίλος,
1024 3657 1177 3747 Ὀρφεύς,
1200 3669 1385 3747 Μουσαῖος

230 3765 310 3854 Ἐφ,
327 3764 510 3853 Ἀρριαυός,
529 3764 717 3855 Ἀριστέας·
739 3769 912 3834 Praeterea
931 3775 1040 3835 autem
1059 3771 1158 3835 etiam
1177 3769 1383 3856 Sibyllarum

232 3877 370 3942 indicem
385 3875 571 3960 Suidanum,
590 3875 629 3939 de
649 3897 713 3960 quo
728 3875 915 3940 dubitanter
930 3876 997 3960 egit
1011 3875 1129 3956 Maass,
1144 3877 1183 3941 de
1199 3875 1265 3942 Sib.
1280 3902 1312 3964 p.
1328 3882 1383 3965 54,

304 4120 330 4183 1)
354 4116 395 4172 De
414 4115 517 4170 Daubii
540 4112 680 4168 sententia
703 4111 761 4166 dixi
784 4112 820 4166 ad
842 4130 868 4168 v.
884 4107 1012 4182 Ὀρφεύς,
1050 4111 1091 4169 of.
1115 4111 1241 4170 eiusdem
1261 4116 1384 4174 Studien
1441 4162 1447 4175 .

99 4245 102 4254 ¹
231 4203 334 4347 Ρ’14281
358 4278 474 4344 Rufum,
501 4273 628 4343 Dionysii
654 4272 880 4343 epitomatorem,
906 4272 1000 4344 potius
1025 4273 1132 4328 fontem
1160 4272 1297 4342 Hesychii
1324 4295 1385 4334 esse

233 4357 377 4413 contendit
400 4356 485 4411 etiam
508 4353 710 4421 Wilamowitz,
735 4353 866 4425 Antigon.
890 4371 945 4408 von
968 4354 1032 4409 Kar.
1057 4373 1083 4424 p.
1103 4360 1155 4410 328
1178 4356 1245 4410 not.¹
1259 4361 1307 4424 12,
1336 4359 1386 4427 qui

233 4440 329 4490 tamen
349 4436 419 4491 alios
438 4436 495 4490 iam
515 4435 599 4488 antea
616 4432 691 4487 idem
710 4432 847 4492 iudicasse
865 4434 972 4490 nescire
991 4434 1109 4490 videtur.
