2880 5054
602 313 816 370 HESYCHIUS.
1216 313 1280 376 201

135 474 209 561 ἤτοι
238 473 318 562 μετά
347 471 425 554 τοὺς
457 472 537 542 ἑπτά
564 473 755 561 τραγικούς,
789 476 909 554 οἵτινες
941 471 1193 561 ὠνομάσθησαν
1226 475 1281 542 καὶ

134 581 269 660 Πλειάς.
317 581 469 669 δράματα
492 579 673 657 αὐτούιέ.
719 614 723 620 ·

223 689 408 757 DOOXLV.
452 687 748 767 Σπεύσιππος
772 687 1045 776 Εὐρυμέδοντος,
1078 688 1282 775 ἀδελφιδοῦς

132 795 320 873 Πλάτωνος
341 799 403 861 τοῦ
427 793 617 880 φιλοσόφου
641 793 704 863 ἀπὸ
728 795 892 881 Ποτοόνης
913 800 971 882 τῆς
995 792 1099 863 αὐτοῦ
1123 792 1282 882 ἀδελφῆς,

130 900 300 988 ἀκουστὴς
323 899 428 969 αὐτοῦ
448 901 632 997 Πλάτωνος
653 902 707 968 καλ
733 901 890 989 διάδοχος
913 901 1094 989 γενόμενος
1117 906 1175 988 της
1191 899 1308 969 ’νίκα-5

130 1014 257 1096 δημίοις
296 1009 348 1076 ἐπὶ
384 1011 442 1095 τῆς
479 1007 534 1095 ρη’
568 1006 784 1093 ὀλυμπιάδος.
839 1009 1026 1094 συνέγραψε
1059 1017 1194 1077 πλείστα
1225 1009 1281 1076 καὶ

130 1114 277 1202 μάλιστα
309 1114 489 1202 φιλόσοφα.
542 1111 721 1201 [αὐστηρὸς
754 1113 816 1201 τὴν
849 1114 988 1202 γνώμην
1018 1115 1073 1182 καὶ
1102 1120 1149 1194 είς
1176 1113 1280 1204 ἀκρον

132 1222 330 1310 ὀξύθυμος]

223 1331 423 1397 DGOXLVI.
449 1335 692 1414 Σπίνθαρος
706 1326 940 1415 Ἡρακλεώτης.
976 1320 1020 1415 ἦν
1040 1328 1077 1396 δὲ
1094 1333 1281 1420 τραγῳδίας

130 1435 290 1522 ποιητής.’
315 1435 467 1523 δράματα
491 1435 529 1503 δέ
552 1431 656 1503 αὐτοῦ
681 1437 749 1502 ἐστι
767 1438 883 1502 ταῦτα·
905 1436 1168 1523 Περικαιόμενος
1182 1434 1279 1522 Ἡρα·
1296 1455 1321 1493 1⁰

133 1547 233 1629 κλῆς,
258 1545 388 1630 Σεμέλη
411 1544 673 1630 κεραυνουμένη.

222 1650 440 1718 DOCXLVII.
484 1656 731 1737 Στησίχορος
761 1649 946 1738 Εὐφόρβου
974 1647 994 1737 ἢ
1025 1647 1209 1738 Εὐφήμου,
1238 1648 1282 1730 ύς

132 1756 172 1824 δέ
197 1754 306 1840 ἀλλοι,
326 1754 513 1825 Εὐκλείδου
536 1752 708 1843 ἢὙέτους
730 1752 750 1842 ἢ
770 1755 939 1844 Ἡσιόδου,
964 1759 1041 1844 <έκ>
1060 1757 1187 1836 πόλεως
1201 1754 1281 1843 Ἱμέ-

130 1890 194 1952 ρας
212 1866 271 1949 της
290 1869 446 1942 Σικελίας
465 1864 625 1951 (καλεῖται
643 1866 729 1949 γοῦν
743 1860 929 1951 Ἱμεραῖος),
949 1867 985 1931 οί
1002 1863 1039 1930 δὲ
1058 1862 1122 1932 ἀπὸ
1142 1870 1281 1931 Ματαυ-

128 1976 207 2059 ρίας
240 1974 297 2055 τῆς
330 1973 366 2038 έν
396 1968 533 2060 Ἰταλίη,
567 1974 602 2037 οί
632 1969 669 2037 δέ
702 1968 767 2038 ἀπὸ
796 1977 992 2038 Παλαντίου
1024 1975 1081 2056 τῆς
1107 1967 1280 2054 Ἀρκαδίας
1297 1986 1320 2026 1⁵

127 2076 287 2165 φυγόντα
310 2074 414 2144 αὐτὸν
438 2078 552 2144 ἐλθεῖν
577 2097 681 2162 φασιν
705 2081 751 2156 είς
775 2076 948 2163 Κατάνην,Ι
973 2074 1068 2144 κάκεῖ
1088 2080 1280 2163 τελευτῆσαι

126 2185 185 2252 καὶ
219 2189 367 2270 ταφῆναι
400 2181 464 2270 πρὸ
496 2188 555 2269 τῆς
587 2181 707 2269 πύλης,
739 2181 811 2269 ἥτις
844 2185 877 2265 ἐξ
908 2182 1014 2252 αὐτοῦ
1043 2183 1281 2270 Στησιχόρειος

128 2284 409 2377 προσηγόρευται.
454 2303 523 2369 τοῖς
550 2287 587 2356 δὲ
610 2287 745 2375 χρόνοις
768 2281 811 2376 ἦν
835 2290 996 2377 νεώτερος
1017 2280 1199 2377 Ἀλάμάνος
1221 2294 1281 2358 τοῦ

127 2400 283 2486 λυρικοῦ,
307 2397 359 2464 ε’πὶ
382 2400 440 2484 τῆς
463 2396 511 2477 λζ’
536 2394 742 2482 ὀλυμπιάδος
766 2395 919 2482 γεγονώς.
959 2399 1145 2483 ἐτελεύτησε
1171 2397 1208 2464 δέ
1229 2398 1281 2463 ἐπὶ

126 2509 190 2591 τῆς
213 2502 278 2585 νς’.
325 2501 391 2590 εἶχε
419 2503 456 2571 δὲ
486 2500 636 2590 ἀδελφὸν
659 2509 858 2589 γεωμετρίας
882 2509 1038 2591 ἔμπειρον
1064 2510 1321 2592 Μαμερτῖνοννῡ

125 2611 185 2678 καὶ
213 2613 328 2698 ἕτερον
344 2609 546 2678 Ἡλιάνακτα
569 2609 768 2695 νομοθέτην.
821 2610 938 2695 γέγονε
965 2610 1002 2678 δὲ
1032 2609 1176 2697 λυρικός.
1226 2610 1281 2677 κοιλ

127 2724 222 2786 ἔστιν
253 2715 356 2786 αὐτοῦ
380 2715 420 2786 τά
447 2715 613 2803 ποιήματα
638 2720 768 2803 Δωρίδι
799 2718 956 2807 διαλέκτφ
987 2719 1023 2784 ἐν
1052 2722 1196 2803 βιβλίοις
1218 2716 1281 2795 κς’·

128 2827 216 2911 φασλ
242 2823 279 2892 δὲ
303 2822 406 2892 αὐτὸν
429 2823 605 2913 γράψαντα
628 2821 737 2908 ψόγον
757 2821 892 2909 Ἑλένης
914 2828 1151 2911 τυφλωθῆναι,
1179 2823 1280 2892 πάλιν

131 2933 169 3000 δέ
194 2930 372 3026 γράψαντα
390 2928 525 3017 Ἐλένης
549 2928 713 3017 ἐγκώμιον
737 2931 770 3009 ἐξ
794 2927 945 3017 ὀνείρου,
974 2929 1036 3018 τὴν
1059 2935 1281 3022 παλινῳδίαν,

129 3034 347 3063 ,..-.Ι---...-

205 3116 230 3188 1.
244 3105 307 3179 ἤτοι
331 3141 364 3149 -
387 3103 598 3179 ὠνομάσθησαν
621 3106 688 3161 libri
708 3106 787 3163 Suid.
812 3111 934 3178 (praeter
951 3114 986 3177 V3
1011 3109 1060 3164 καλ
1081 3106 1187 3171 Πλειὰς
1205 3115 1280 3162 ΔΒΕ

129 3193 180 3245 καὶ
201 3209 256 3246 om.
277 3191 337 3259 rel.)
351 3190 437 3256 Eud„
455 3187 558 3243 iniuria
571 3186 705 3256 expunxit
718 3188 898 3259 Bernhardy,
918 3191 953 3244 ab
972 3190 1084 3244 homine
1100 3188 1280 3245 scholiastieo

127 3273 181 3326 illa
200 3269 331 3340 profecta
348 3273 426 3325 ratus

202 3350 351 3405 DCCXLV
370 3350 409 3405 ef.
429 3349 510 3420 Diog.
530 3350 577 3418 IV,
599 3356 622 3416 1,
642 3366 660 3403 ε,
679 3365 735 3417 quo
753 3351 815 3404 iota
833 3350 938 3418 pendet
1022 3357 1038 3404 6
1058 3346 1102 3418 ρν’
1122 3354 1145 3402 Δ

128 3439 144 3487 '1
164 3431 262 3486 Verba
280 3432 387 3487 seclusa
411 3431 530 3497 removi,
554 3446 625 3500 quae
645 3427 769 3483 ordinem
788 3429 996 3498 Hesychianum
1015 3429 1133 3497 violent3
1158 3431 1288 3499 fortasse⁸

126 3513 204 3567 male
218 3511 366 3566 intellecta
381 3526 414 3566 ex
429 3511 510 3581 Diog.
524 3512 543 3566 l.
559 3528 581 3565 ο.
597 3509 646 3564 καλ
660 3505 713 3579 γάρ
729 3504 838 3578 όργίλος
853 3510 901 3563 καὶ
916 3505 1027 3579 ἡδονῶν
1043 3503 1133 3576 ἥττων
1147 3500 1183 3578 ἦν

202 3591 361 3646 DCOXLVI
380 3592 456 3647 Eud.
475 3610 501 3660 p.
518 3596 576 3646 647.
609 3589 650 3644 cf.
665 3588 803 3657 Welcker‚
819 3589 865 3643 Gr.
881 3590 964 3660 Trag.
979 3608 1005 3658 p.
1023 3595 1092 3643 1034
1148 3595 1181 3644 10
1195 3585 1279 3658 Ἡρα-

127 3666 266 3738 κλειύτης
284 3675 331 3724 ΒΕ
404 3688 440 3725 οη
458 3665 697 3740 πυρικαιόμενοςλ

202 3749 374 3804 DCOXEVII
392 3750 469 3805 Εκα.
488 3768 515 3819 p.
536 3754 598 3816 647,
616 3765 687 3816 quae
712 3766 766 3803 om.
785 3744 823 3811 ὡς
842 3747 873 3804 δὲ
896 3746 976 3804 ἄλλοι
995 3782 1027 3789 -
1047 3747 1278 3819 προσηγόρευται.

127 3830 169 3885 ef.
193 3830 291 3899 Steph.
310 3832 376 3901 Byz.
395 3850 421 3886 v.
440 3825 595 3898 Μάταυρος
614 3829 643 3883 et
661 3829 768 3895 Rohde,
787 3830 856 3884 Mus.
876 3829 964 3884 Rhen.
984 3830 1100 3884 XXXIV
1119 3850 1145 3899 p.
1162 3836 1214 3884 569

127 3917 161 3966 13
184 3904 318 3973 Εὐεπούς
333 3911 494 3966 θαλεολινιίδ
530 3910 579 3963 καλ
597 3905 705 3970 πόλεως
718 3911 790 3977 vulp.
810 3909 859 3963 καλ
876 3927 929 3964 om.
944 3915 967 3963 Δ
987 3908 1017 3965 ἐκ
1032 3907 1141 3972 πόλεως
1154 3917 1185 3977 V,
1205 3909 1280 3978 quod

126 3990 233 4060 scripsi
302 3997 335 4047 14
352 3994 427 4046 Ματ.
447 3986 528 4052 πόλις
542 3990 674 4050 Σικελίας
688 3990 778 4059 βιογλι.
794 3992 872 4061 Βγι,
891 3991 982 4059 quode
1002 3992 1036 4046 cf.
1051 3990 1179 4045 Meineke
1198 3989 1235 4043 ad
1252 4006 1277 4061 y.

125 4067 282 4140 Σινόεσσα,
301 4073 330 4126 ελ
343 4071 433 4140 Daph,
452 4071 487 4124 do
506 4071 582 4124 Suid.
601 4090 628 4140 p.
644 4076 695 4124 449
753 4075 785 4125 15
805 4072 983 4124 Παλλαντίου
997 4073 1069 4140 vulp.
1126 4076 1158 4123 1⁷
1177 4070 1225 4124 καὶ
1245 4101 1277 4109 -

126 4148 176 4211 νς’
188 4170 209 4209 ε,
224 4151 271 4207 fin.
286 4151 362 4206 vitae
376 4151 476 4208 adm
534 4147 611 4220 παρὰ
629 4151 677 4219 τῆς
690 4146 779 4219 πύλης
793 4152 929 4207 Κιωίεναε
943 4146 1020 4219 παρὰ
1034 4151 1067 4221 τῇ
1082 4145 1155 4221 πύλη
1170 4151 1278 4217 Κίοίιιο,

126 4233 200 4288 Stes.
221 4232 255 4286 fr.
272 4250 298 4301 p.
314 4239 336 4292 3Ι
387 4235 419 4284 19
439 4225 598 4298 ἐτελεύτησε
615 4261 647 4269 -
663 4225 713 4289 νς’,
725 4246 778 4287 om.
793 4231 868 4288 Ειιιί.
929 4237 963 4285 20
983 4231 1144 4300 γεωμετρῆν
1157 4234 1278 4299 Μαμορ-

127 4318 209 4366 τῖνον
227 4316 251 4363 V
267 4305 424 4380 Ἀμέριττον
442 4309 557 4364 fratrem
576 4311 659 4364 τοοελ
679 4310 817 4366 Proculus
833 4310 863 4364 in
882 4310 988 4367 Euclid.
1009 4310 1088 4364 elem.
1105 4317 1120 4363 2
1140 4329 1166 4379 p.
1182 4317 1215 4363 19

126 4397 162 4447 21
183 4407 243 4459 seq.
264 4389 429 4459 compilavit
444 4389 682 4460 Ρεικίο-Ηιεγολι.
698 4407 720 4446 ο.
737 4394 770 4444 60
830 4396 864 4455 24
883 4385 931 4445 διὰ
946 4385 998 4458 τὴν
1017 4391 1192 4462 παλινῳδίαν
1207 4389 1277 4445 coni.

126 4465 1277 4553 Καείετκιεἰπεῖδοοοοοεοεο,τὴνλεγομίνηννελκαλσυμένηντιαλ.Ηοικειιτλαο.
1366 4528 1368 4531 ,
