2910 5056
581 311 866 372 eaoaroouaru.
1089 326 1091 330 ⁷
1212 270 1216 275 ⁴
1260 309 1296 366 ιι
1336 305 1337 308 ‘

148 482 284 545 conatus
310 482 374 544 est:
398 477 599 543 ‘Demetrius
623 476 792 564 Magnes¹)
817 483 867 543 est
889 479 945 543 ille
969 500 1051 542 unus
1074 479 1159 560 fons,
1189 500 1208 541 a
1231 499 1295 561 quo

147 585 332 671 Hesychius
361 587 541 651 doctrinam
570 608 661 650 suam
685 585 808 668 hausit,
838 584 996 649 Demetrii
1020 583 1183 668 Magnetis
1208 574 1297 648 color

147 693 311 778 faciesque
350 715 389 757 ex
424 692 588 776 Hesychio
625 696 782 777 tanquam
819 715 838 755 a
874 692 1085 777 palimpsesto
1124 688 1296 754 enitescit'.

149 798 322 864 Nietzsohe
346 788 447 885 igitur
466 798 661 882 comparatis
683 798 803 862 Laertii
827 799 908 862 locis
932 799 1114 863 certissima
1136 796 1296 860 uberioris

149 902 224 987 περὶ
244 899 435 988 ὁμωνύμων
449 904 525 970 libri
540 905 678 990 vestigia
694 907 714 969 i.
729 927 755 969 e.
769 904 928 969 Demetrii
943 903 1117 988 Magnetis,
1131 902 1296 968 Ciceronis

150 1010 309 1095 aequalia,
331 1012 366 1075 in
388 1011 477 1076 hisce
499 1012 576 1076 vitis
599 1011 770 1096 indagasse
791 1011 854 1075 sibi
875 1011 962 1075 visus
989 1014 1051 1075 est:
1077 1006 1296 1095 Ἀρίστιππος,

147 1110 315 1201 Ἀρχύτας,
332 1113 553 1202 Ἐπιμενίδης,
567 1112 789 1201 Ἡράκλειτος,
808 1114 936 1201 Θεανώ,
956 1113 1180 1201 Θεόφραστος,
1197 1117 1298 1190 Ξενο-

149 1219 282 1308 κράτης,
300 1224 476 1309 Πολέμων,
491 1221 670 1310 Στράτων;
687 1220 958 1310 Ἀναξίμανδρος,
972 1218 1197 1311 Ἀννίκεριςῗ),
1213 1220 1297 1307 Ἀρι-

150 1328 315 1414 στοτέλης,
339 1328 562 1416 Δημόκριτος,
580 1326 807 1416 Ἡρακλείδης,
830 1328 958 1413 Θεανώ,
983 1329 1200 1417 Πυθαγόρας,
1224 1335 1298 1395 Σω-

149 1432 288 1521 κράτης,
301 1431 527 1521 Ἀντισθένης,
547 1434 767 1522 Δημόκριτος,
786 1426 1012 1524 Θεόφραστος,
1027 1434 1176 1521 Κράτης;
1192 1433 1298 1501 Ἀννί-

151 1568 257 1630 κερις,
292 1539 480 1628 Ἀρχέλαος,
514 1539 740 1628 Ἀριστοτέλης
781 1542 815 1631 (i.
840 1567 864 1610 e.
906 1546 940 1610 in
978 1546 1046 1610 vita
1081 1541 1300 1630 Menagiana),

147 1646 359 1736 Ἐπίκουρος,
384 1645 614 1736 Ἡρακλείδης,
635 1645 863 1733 Ἡράκλειτος,
894 1649 1084 1736 Θεόδωρος,
1111 1633 1299 1736 ΠλάτωνΙ),

151 1739 380 1840 Πυθαγόρας,
405 1756 569 1842 Πύρρων,
592 1754 787 1842 Σωκράτης,
814 1754 1019 1843 Φερεκύδης,
1044 1758 1221 1843 quibusda
1246 1779 1300 1840 pa·

150 1864 312 1946 rentibus,
336 1865 495 1946 cognatis,
523 1865 768 1950 cognominibus
792 1869 825 1930 et
848 1865 1112 1949 praeceptoribus
1137 1863 1300 1947 copiosius

150 1972 345 2055 disputatur.
382 1969 506 2036 Deinde
525 1971 558 2035 iu
578 1971 661 2055 aliis,
685 1972 801 2056 quibus
821 1971 859 2035 de
878 1972 1149 2057 philosophorum
1170 1969 1300 2053 scriptis

151 2079 292 2166 agiturz,
310 2071 585 2162 Ἀναξίμανδρος,
622 2079 798 2162 Αἰσχίνης,
834 2072 1045 2162 Ἀνάχαρσις,
1075 2071 1300 2160 Ἀντισθένης,

133 2180 383 2268 Δημόκριτος,
421 2178 659 2268 Ἐμπεδοκλῆς,
698 2178 923 2268 Ἐπιμενίδης,
966 2181 1131 2266 Εὔδοξος,
1168 2180 1301 2267 Ζήνων,

151 2291 277 2373 Θαλῆς,
302 2288 422 2373 Κέβης,
445 2291 668 2376 Περίανδρος,
692 2287 868 2374 Πιττακός,
888 2291 1064 2377 Πολέμων,
1084 2288 1302 2376 Πυθαγόρας,

152 2393 296 2479 Σόλων,
323 2392 512 2481 Τηλαύγης,
539 2399 689 2479 Φαίδων,
716 2395 916 2481 Φερεκύδης,
943 2402 1110 2475 Φιλίσκος.
1155 2397 1302 2482 Denique

150 2505 188 2568 in
214 2503 409 2587 quibusdam
438 2504 524 2587 aliis,
553 2504 669 2588 quibus
694 2503 731 2567 de
756 2507 859 2568 morte
883 2504 934 2568 vel
957 2505 1065 2590 patria
1084 2504 1212 2589 agitur.'
1234 2503 1302 2568 Nec

151 2631 233 2674 vero
255 2610 516 2695 improbabiliter
537 2609 623 2673 idem
644 2610 729 2673 inter
749 2607 909 2674 Demetrii
928 2609 1090 2694 Magnetis
1114 2611 1221 2676 fontes
1245 2610 1301 2675 ha-

151 2716 228 2781 buit
246 2717 443 2801 Aristippi
465 2715 541 2801 περὶ
560 2717 702 2792 παλαιάς
720 2717 850 2801 τρυφῆς
869 2716 988 2781 librum
996 2714 1024 2802 4)
1030 2767 1039 2801 ,
1059 2726 1097 2782 ex
1110 2739 1180 2802 quo
1200 2716 1303 2780 multa

151 2824 224 2888 eius
243 2824 380 2908 generis,
399 2806 488 2888 uelut
508 2847 536 2888 v.
550 2818 767 2906 Θεόφραστος
782 2821 866 2908 (coll.
881 2822 987 2889 Laert.
1003 2823 1042 2907 V,
1061 2824 1118 2909 39)
1133 2825 1303 2906 fluxerunt,

152 2932 247 2995 cuius
272 2931 379 3016 operis
402 2931 542 2995 frustula
565 2930 600 2993 in
623 2929 698 2993 vitis
718 2928 932 3013 Hesychianis
956 2931 1141 3016 frequenter
1165 2929 1304 2995 inveniri
1388 2916 1393 2930 ’

151 3060 253 3103 nemo
275 3039 379 3103 nescit
398 3035 453 3121 (cf.
469 3031 709 3119 Ἀριστοτέλης,
727 3021 899 3120 Ἡσίοδος,
924 3033 1108 3122 Σωκράτης
1126 3036 1193 3122 ab),
1216 3037 1304 3101 Ale-

151 3144 374 3230 xandrique
393 3144 655 3228 Polyhistoris
673 3143 829 3208 historias
844 3141 897 3228 (ef.
907 3146 1102 3230 Χρύσιππος
1116 3145 1187 3208 coll.
1198 3143 1304 3208 Laert.

152 3252 229 3336 VH,
255 3252 328 3335 179,
352 3247 532 3335 Σωκράτης
551 3251 623 3316 coll.
643 3253 749 3315 Laert.
768 3248 810 3334 ΙΙ,
832 3251 882 3334 18,
901 3248 1133 3337 Πυθαγόρας),
1157 3251 1305 3333 aliosque

152 3500 232 3554 Rosa
255 3497 285 3552 in
309 3498 446 3567 apparatu
469 3497 545 3551 vitae
568 3495 766 3565 Menagianae,
790 3511 807 3548 a
830 3497 949 3551 veritate
973 3497 1123 3553 abhorrere
1147 3514 1221 3552 nunc
1243 3514 1305 3567 per·

154 3595 274 3634 suasum
291 3578 396 3646 habeo,
414 3577 541 3646 quamvis
555 3594 611 3631 non
625 3576 763 3631 adductus
776 3578 949 3645 argumentis
963 3577 1088 3647 Maassii,
1106 3577 1200 3648 Biogr.
1215 3597 1242 3647 p.
1255 3582 1306 3631 114
1322 3562 1330 3582 ⁹

154 3678 225 3728 seq„
245 3658 295 3726 qui
314 3658 408 3712 omnia
426 3656 565 3723 confudit,
584 3675 647 3712 mea
665 3657 752 3711 verba
771 3654 883 3710 omnino
901 3674 957 3711 non
972 3658 1137 3727 intellegens
1151 3673 1241 3727 neque
1261 3675 1306 3712 ex·

155 3739 302 3805 eminans,
327 3737 377 3811 sed
397 3753 597 3807 usquequaque
616 3735 827 3790 Wilamowitzii
845 3737 938 3792 thesin
957 3737 1197 3807 absurdissimam,
1223 3754 1306 3807 quam

154 3818 313 3890 praeterito
332 3834 406 3872 anno
424 3817 565 3888 vulgavit,
584 3815 720 3887 plenius
739 3813 864 3869 Suidae
882 3819 1068 3887 exemplar,
1086 3818 1203 3874 iactans.

233 3900 260 3967 1)
289 3897 425 3952 Demetrii
450 3896 620 3966 fragmenta,
646 3895 771 3964 quamvis
796 3894 881 3951 hodie
906 3897 988 3966 plura
1013 3898 1144 3953 accedere
1170 3915 1240 3968 opus
1263 3899 1307 3965 sit,

156 3975 377 4048 diligentissime
395 3975 512 4046 collegit
530 3972 722 4042 Scheuerleer‚
741 3977 830 4047 Lugd.
850 3977 911 4031 Bat.
928 3983 1005 4033 1858.

232 4061 260 4123 2)
280 4057 360 4112 Hanc
377 4057 465 4112 vitam
483 4056 616 4126 Hesychii
635 4071 693 4110 esse
712 4055 740 4109 in
755 4056 928 4126 praefatione
947 4059 1057 4128 negavi.

232 4139 262 4206 3)
283 4138 323 4192 At
340 4138 370 4192 in
391 4137 445 4193 hac
463 4138 536 4204 vita,
561 4136 795 4205 quemadmodum
813 4138 844 4190 in
862 4135 924 4191 aliis
944 4140 1132 4207 (potissimum
1151 4158 1176 4194 v.
1195 4134 1307 4207 Ἀριστο-

157 4217 242 4286 τέλης
265 4218 296 4271 et
313 4214 490 4287 Σωκράτης),
513 4233 585 4286 quae
608 4216 684 4286 apud
707 4216 848 4270 Laertium
872 4217 1080 4286 desiderantur,
1103 4234 1138 4271 ex
1160 4218 1307 4287 Porphyrii

159 4297 280 4353 historia
297 4297 495 4368 philosophica
513 4315 546 4352 ea
564 4313 694 4351 manasse
712 4295 772 4351 veri
791 4296 882 4355 simile
901 4299 951 4352 est.

234 4380 260 4446 4)
284 4377 327 4432 De
345 4375 491 4447 Aristippo
510 4376 544 4432 cf.
565 4377 668 4444 Zeller,
688 4376 786 4430 Gesch.
806 4395 846 4446 gr.
866 4376 914 4432 Ph.
935 4377 987 4448 ΙΙΙ,
1008 4385 1021 4432 1
1042 4397 1069 4449 p.
1084 4384 1136 4433 498
1156 4380 1213 4436 not.
1234 4383 1306 4436 etv.

164 4457 365 4526 Wilamowitz,
385 4457 480 4527 Antig.
500 4477 524 4513 v.
544 4456 609 4513 Kar.
630 4475 656 4527 p.
672 4463 714 4512 48.

1001 4498 1095 4601 a*
