2910 5056
587 270 872 366 raonnconnun.
1067 286 1074 299 ‘
1234 304 1299 362 xix

149 474 213 541 Sed
241 480 468 561 praeterquam
497 475 581 560 quod
610 497 674 539 non
699 474 858 558 optimum
882 471 1110 556 Onomatologi
1135 471 1300 554 exemplar

148 584 184 647 in
207 585 358 649 manibus
382 583 536 648 habuisse
554 581 716 667 putandus
736 585 794 663 est,
820 584 989 663 tantopere
1008 578 1164 662 Hesychii
1183 579 1299 643 doctri·

148 711 226 753 nam
255 692 347 774 parvi
377 691 467 774 fecit,
494 693 532 754 ut
558 680 633 755 nio}
662 689 728 752 suis
756 687 889 771 ineptiis
917 686 1076 770 nugisque
1101 708 1171 750 eam
1195 685 1298 770 inqui·

148 802 253 880 naret,
272 796 421 880 inprimis
439 819 511 861 cum
533 796 729 861 christianae
749 793 869 876 aliquid
889 814 922 856 se
941 792 1016 856 fidei
1030 793 1144 857 debere
1164 792 1300 856 arbitra·

149 907 240 967 retur
260 900 314 987 (cf.
337 906 411 967 ante
431 925 542 968 omnes
564 927 590 968 v.
607 897 768 985 Ἰώσηπος
787 904 819 964 et
839 894 1058 984 Λουκιανός),
1082 921 1156 965 mex
1179 901 1299 962 temere

150 1031 187 1074 ac
214 1032 329 1094 parum
358 1009 529 1094 diligenter
554 1031 592 1072 ex
621 1008 661 1072 iis
684 1007 792 1085 libris,
820 1029 901 1090 quos
924 1006 1120 1090 perlegerat,
1149 1007 1238 1071 velut
1262 1028 1298 1069 ex

150 1114 282 1200 Laertio
306 1117 466 1202 Diogene,
490 1116 707 1197 Philostrat0,
730 1112 912 1191 Damasci0,
938 1112 1097 1195 Eunapio,
1120 1112 1299 1194 Athenaeo,

150 1246 188 1288 ex
208 1222 372 1287 nonnullis
391 1224 540 1308 patribus
557 1220 794 1303 ecclesiasticis,
809 1221 897 1284 velut
912 1241 949 1283 ex
965 1216 1105 1301 Socrate,
1119 1217 1300 1282 Philostor·

149 1329 220 1412 giu,
244 1326 440 1413 Sophronia,
463 1330 558 1413 plura
582 1327 777 1391 describeret
797 1326 936 1409 vitisque
955 1324 1171 1407 Hesychianis
1192 1324 1300 1388 adiun-

148 1440 251 1519 geret,
275 1437 348 1519 ipsa
366 1437 433 1501 vita
453 1435 661 1519 Hesychiana
683 1455 816 1517 prorsus
835 1432 902 1496 fere
922 1434 1042 1496 reiecta
1062 1430 1115 1516 (cf.
1132 1426 1299 1516 Ἀρίσταρ-

147 1565 208 1626 χος
236 1547 318 1634 Tay,
342 1538 523 1627 Ἱεροκλῆς,
552 1541 719 1625 Σεβῆρος,
735 1537 930 1611 ,Τελέσιλλα
960 1538 1016 1625 al.)
1040 1539 1091 1603 vel
1114 1541 1207 1623 parte
1231 1539 1299 1602 eius

148 1650 273 1714 omissa
306 1647 361 1737 (cf.
390 1644 649 1733 Καλλισθένης.)
657 1645 681 1733 ¹)
732 1644 801 1711 Nec
833 1646 940 1710 minus
973 1647 1006 1710 id
1037 1646 1192 1730 probasse
1220 1644 1301 1708 mihi

151 1824 218 1861 cum
235 1811 258 1857 V
276 1807 345 1860 facit
363 1807 393 1860 in
411 1806 450 1875 gl.
467 1800 648 1873 Ἐπιμενίδης
663 1807 726 1871 (om.
742 1799 839 1872 πόρρω
854 1798 982 1873 χρόνον),
998 1797 1206 1872 Ἐρατοσθένης
1224 1804 1300 1872 (Her.

149 1885 282 1957 ἐρρίζων,
301 1892 323 1938 v
344 1881 469 1954 ἐγγίσας,
488 1884 536 1937 111.
558 1879 731 1952 ἐγγίσαντα),
751 1883 851 1950 quain
865 1882 925 1938 vita
944 1885 1019 1938 solus
1038 1883 1189 1953 genuinam
1203 1883 1300 1938 lectio·

148 1984 217 2020 nem
231 1967 308 2034 Βῇτα
328 1965 452 2020 servavit
471 1961 592 2035 (βήματα
614 1962 690 2017 Suid.
705 1963 796 2032 libri),
821 1981 939 2032 quorum
958 1966 1106 2032 utrumque
1126 1980 1236 2018 servare
1255 1980 1300 2017 co·

150 2050 238 2102 natur
251 2046 342 2112 Daub,
357 2045 434 2099 Stud.
447 2062 473 2114 p.
485 2050 532 2112 84;
547 2044 584 2112 gl.
598 2041 752 2106 Γενέθλιος
765 2043 839 2098 solus
854 2045 979 2099 servavit
992 2045 1051 2119 μιᾷ.
1064 2077 1096 2083 -
1111 2045 1152 2099 111
1167 2045 1301 2098 librorum

134 2127 406 2196 'manuscriptorum
424 2125 519 2179 indole
538 2140 570 2176 ac
590 2126 690 2178 natura
708 2123 782 2177 infra
804 2130 819 2190 §
836 2132 853 2179 4
877 2126 993 2181 dicetur.
1013 2157 1047 2164 —
1070 2125 1111 2180 De
1130 2116 1303 2179 tenuissimis

149 2205 303 2275 excerptis,
332 2223 403 2275 quae
430 2205 460 2258 in
488 2205 612 2258 Zonarae
640 2203 715 2272 quod
742 2203 831 2259 fertur
858 2207 949 2261 lexico
973 2208 1081 2274 extant,
1110 2205 1169 2260 dixi
1191 2206 1300 2260 Unters.
1359 2255 1364 2265 ‚

91 2308 95 2312 ·
136 2305 179 2358 Ap.
198 2291 231 2340 92
247 2302 303 2354 seq.

226 2373 251 2440 1)
277 2372 357 2438 Quod
376 2373 460 2427 etiam
486 2371 521 2426 de
544 2372 743 2429 nonnullorum
765 2374 1012 2444 grammaticorum
1035 2376 1101 2430 vitis
1127 2375 1301 2444 crediderim,

149 2452 296 2521 Apollonii
315 2455 344 2507 et
361 2452 522 2507 Herodiani.
560 2454 710 2522 Utriusque
728 2457 803 2508 enim
821 2455 894 2509 vitas
913 2456 981 2511 olim
999 2456 1198 2526 locupletiores
1216 2456 1301 2511 fuisse

149 2530 302 2587 manifesto
321 2533 455 2602 probatur
473 2531 533 2588 vita
551 2533 708 2602 Apollonii,
728 2550 799 2602 quae
818 2535 869 2589 sub
885 2536 1037 2590 Theodosii
1055 2536 1233 2605 grammatici
1251 2553 1299 2590 nc-

149 2612 227 2665 mine
242 2613 329 2666 fertur
344 2630 361 2667 a
376 2613 526 2683 Sylburgio
542 2614 680 2681 (Francos.
697 2618 776 2685 1590)
793 2615 870 2671 edita
886 2620 916 2672 et
930 2635 963 2671 ex
976 2618 1038 2672 Par.
1054 2623 1123 2671 2603
1138 2616 1174 2670 ab
1189 2614 1315 2689 Osanno'

149 2691 189 2744 ad
207 2691 324 2747 Philem.
344 2711 370 2762 p.
391 2699 442 2747 306
466 2693 512 2762 (cf.
532 2694 619 2748 etiam
637 2694 746 2763 Lenta,
764 2693 915 2750 Herodian.
935 2695 989 2766 Ip.
1006 2703 1035 2763 63
1054 2696 1177 2764 Bekker,
1196 2695 1300 2750 Anecd.

149 2790 179 2841 p.
197 2773 289 2840 1141),
313 2772 362 2826 sed
386 2772 634 2827 aWestermanno
660 2773 762 2827 omissa
793 2773 839 2842 (cf.
859 2773 1059 2843 Wachsmuth,
1085 2776 1179 2845 Symb.
1203 2795 1229 2845 p.
1251 2782 1302 2829 144

149 2856 236 2923 not),
266 2855 296 2908 in
320 2853 397 2908 cuius
420 2853 502 2908 initio
520 2853 692 2922 Hesychian'i
715 2853 816 2908 coloris
834 2854 956 2924 vestigIa
975 2859 1145 2926 comparent.
1183 2857 1300 2912 Textum
1368 2925 1370 2928 y

153 2934 289 3003 descripsi
314 2935 343 2988 in
369 2933 524 3004 appendice
550 2951 576 2989 n.
598 2934 619 2988 l.
662 2932 743 2998 Quod
769 2936 863 2990 autem
889 2936 923 2990 de
949 2937 1002 2991 hac
1028 2937 1088 2992 vita
1114 2937 1238 3003 constat,
1267 2935 1302 2989 de

150 3015 213 3069 vita
235 3013 405 3083 Menagiana
422 3012 583 3068 Aristotelis
603 3014 696 3068 valere
719 3017 822 3086 negavi
844 3017 952 3072 Unters.
972 3037 998 3088 p.
1020 3025 1053 3072 93
1068 3035 1139 3087 seq.,
1163 3017 1238 3086 quod
1257 3015 1301 3070 vel

151 3093 280 3148 Platonis
294 3093 354 3148 vita
368 3093 404 3148 ab
418 3093 558 3161 Hesychic
573 3093 713 3164 descripta
731 3095 852 3151 maxime
866 3098 1009 3167 probatur.
1043 3098 1214 3153 Erraverunt
1227 3096 1302 3150 enim

150 3174 239 3240 Rose,
262 3173 347 3229 Arist.
373 3173 473 3228 Pseud.
495 3191 522 3243 p.
544 3178 576 3227 18
596 3190 653 3243 seq.
683 3175 721 3243 (et
743 3173 902 3243 Susemihl,
927 3177 1012 3232 Arist.
1032 3177 1115 3231 Polit.
1139 3196 1166 3247 p.
1191 3174 1302 3243 XLII),

152 3256 314 3324 Schneider,
326 3251 435 3308 Gallim.
443 3255 468 3307 ll
478 3271 505 3321 p.
514 3259 558 3321 26,
569 3253 659 3322 Heitz,
669 3254 736 3309 verl.
743 3253 883 3310 Schriften
894 3257 921 3310 d.
928 3256 1044 3311 Aristot.
1055 3276 1082 3327 p.
1093 3262 1134 3321 15,
1144 3254 1301 3322 Nietzsche,

151 3337 223 3390 Mus.
234 3337 322 3390 Ithen.
334 3334 425 3388 XXIV
437 3352 464 3403 p.
476 3340 542 3402 216,
556 3333 662 3401 Massa,
676 3334 769 3405 Biogr.
784 3354 812 3406 p.
823 3341 856 3389 81
872 3338 901 3390 et
912 3342 969 3392 119.
985 3336 1089 3390 Verum
1104 3334 1175 3390 vidit
1186 3335 1301 3389 Wachs·

153 3417 247 3482 muth,
268 3415 361 3484 Symb.
377 3433 403 3484 p.
422 3420 480 3467 138.
500 3413 594 3469 (lodex
607 3412 732 3484 Menagii
746 3413 795 3469 ubi
809 3415 912 3484 lateat,
927 3416 1085 3485 ignoratur,
1101 3414 1150 3470 sed
1164 3417 1241 3469 extat
1255 3404 1301 3469 ea-

153 3497 216 3549 dem
238 3497 298 3551 vita
320 3495 350 3548 in
372 3495 466 3549 codice
488 3494 636 3550 chartaceo
656 3495 811 3564 Patmensi,
836 3513 919 3564 quem
940 3495 1089 3565 descripsit
1109 3494 1301 3561 Tischendorf,

152 3576 243 3631 WIen.
259 3574 354 3631 Jahrb.
369 3579 419 3628 110
434 3574 520 3628 Anzb.
535 3593 562 3643 p.
576 3577 619 3644 17)
635 3577 664 3629 et
676 3573 719 3628 bis
735 3576 877 3646 descripta
892 3577 935 3631 est
950 3576 979 3631 in
994 3575 1054 3631 cod.
1069 3575 1254 3630 Ambrosianc
1269 3575 1301 3629 R.

155 3663 204 3711 117
225 3673 284 3725 sup.
304 3671 377 3710 saec.
392 3654 443 3708 XV
462 3654 509 3722 (cf.
529 3654 603 3709 Rcse
622 3655 640 3708 1.
661 3672 683 3709 1.
703 3674 731 3724 p.
748 3661 780 3709 10
799 3657 908 3720 et1093
927 3655 1087 3711 Aristotelis
1107 3655 1149 3710 ed.
1169 3655 1260 3708 Berol.
1277 3655 1301 3708 V

152 3756 179 3807 p.
192 3739 280 3805 1466).
300 3736 359 3790 Nec
374 3735 464 3804 magis
480 3736 557 3790 valet
571 3737 606 3790 de
620 3737 679 3791 vita
691 3734 852 3790 Aristotelis
866 3736 1017 3804 Marciana,
1032 3752 1116 3804 quam
1132 3735 1238 3789 exVen.
1250 3741 1302 3790 300

153 3818 217 3886 (leg.
233 3819 296 3884 257)
311 3816 401 3870 edidit
415 3814 512 3870 Robbe
528 3816 627 3885 (Lugd.
643 3816 705 3870 Bat.
719 3818 806 3884 1861).
825 3816 980 3886 Utramque
994 3816 1092 3884 vitam,
1105 3812 1301 3884 Menagianam

153 3900 182 3952 et
200 3895 372 3950 Marcianam
393 3894 421 3949 in
446 3894 600 3965 appendice
620 3914 645 3950 n.
667 3895 768 3950 IV-V
786 3897 924 3966 recensui,
948 3895 1120 3952 Marcianum
1144 3912 1206 3949 cum
1226 3893 1302 3948 notis

153 3975 251 4030 Ervini
265 3975 382 4030 Rohdei.
408 3975 537 4029 Fortasse
552 3974 638 4030 etiam
653 3992 686 4030 ex
701 3974 905 4049 Onomatologo
919 3977 1055 4033 nonnulla
1069 3974 1215 4043 fluxerunt,
1229 3989 1302 4042 quae

152 4057 181 4110 in
197 4055 345 4111 codVind.
361 4055 464 4109 XLVII
478 4055 507 4109 in
518 4054 576 4109 Cat.
586 4055 728 4111 Vinuvss
742 4076 770 4127 p.
782 4062 831 4112 189
847 4058 892 4126 (cf.
908 4057 994 4113 etiam
1004 4055 1111 4122 Rohde,
1127 4056 1197 4109 Mus.
1211 4053 1300 4106 Ithen.

154 4136 271 4190 XXXIII
290 4154 316 4205 p.
333 4138 394 4205 169)
413 4136 447 4189 de
466 4135 629 4191 Ptolemaeo
650 4135 766 4192 Claudio
785 4137 891 4192 tradita
909 4140 1007 4193 extant
1025 4140 1099 4207 (app.
1118 4155 1145 4191 n.
1161 4135 1212 4202 ΙΙ),
1236 4150 1301 4202 quo·

153 4235 212 4270 rum
233 4218 342 4286 partem
362 4213 510 4270 ediderunt
526 4216 625 4284 Lenta,
645 4218 748 4272 Herod.
763 4215 776 4268 l
790 4236 816 4287 p.
832 4223 847 4271 7
868 4221 897 4274 et
913 4217 1027 4287 Ncbbe,
1047 4216 1118 4272 Ptol.
1137 4234 1164 4284 p.
1180 4214 1231 4266 XX
1246 4216 1301 4283 (to-

153 4298 212 4350 tam
231 4296 306 4352 cnim
325 4296 529 4364 Hesychianam
549 4313 609 4351 esse
628 4301 724 4368 nego),
744 4314 807 4351 cum
826 4297 947 4368 Oppiani
964 4300 1053 4354 vitam
1072 4301 1147 4367 (app.
1161 4315 1188 4350 n.
1203 4295 1253 4364 III)
1272 4294 1301 4348 in
1359 4352 1361 4367 ,

154 4378 213 4431 cod.
233 4375 339 4430 Matrit.
359 4376 410 4429 XX
429 4375 537 4444 (Iriarte
556 4395 583 4446 p.
603 4378 649 4446 82)
670 4376 847 4432 Constantini
864 4378 992 4434 Lascaris
1015 4377 1252 4447 manuscriptam
1273 4378 1302 4430 et

155 4472 188 4510 ex
212 4456 272 4511 vita
290 4455 459 4511 editionibus
479 4456 632 4525 praemissa
651 4458 810 4528 (Westerm.
830 4477 857 4528 p.
878 4463 922 4528 65)
947 4461 976 4513 et
998 4475 1032 4512 ex
1056 4457 1158 4512 Suidae
1182 4457 1301 4513 articulo

1050 4546 1088 4600 b*
