2880 5054
612 317 825 375 HESYCHIUS.
1231 321 1293 385 155

142 481 220 567 περὶ
243 478 478 567 άντιρρητικῆς
500 480 631 566 τέχνης,
653 478 952 567 προγνμνάσματα,
975 482 1122 568 μελέτας,
1148 482 1292 569 ἐγκώμια

144 588 202 656 καὶ
226 585 312 654 άλλα
335 594 479 654 πλείστα.

235 695 443 762 DLXXXVI.
464 689 666 780 ’Θνήσιμος
681 747 688 761 .
703 746 710 760 .
724 747 732 762 .
748 692 936 782 [ὠφέλιμος.
959 697 1015 763 καὶ
1030 695 1138 783 ὄνομα
1148 694 1292 783 κάριον].

235 802 460 868 DLXXXVII.
486 799 747 889 Ὀνόσανδρος
770 800 956 888 φιλόσοφος
980 805 1203 882 Πλατωνικός.
1236 830 1293 871 τα-
1357 877 1359 882 ,

139 908 255 1000 κτικά,
283 908 358 992 περὶ
388 909 680 996 στρατηγημάτων,
706 906 928 996 ὑπομνήματα
953 913 1000 990 είς
1023 908 1084 996 τὴν
1110 908 1318 990 Πλάτωνοςῡ

146 1021 319 1084 πολιτείαν
334 1068 341 1082 .
355 1069 362 1083 .
378 1068 385 1082 .

236 1123 479 1190 DLXXXVIII.
504 1119 742 1203 Ὀππιανὸς
760 1125 857 1206 Κίλιξ
876 1122 940 1192 άπὸ
966 1125 1134 1213 Κωρύκου
1157 1124 1293 1211 πόλεως,

144 1227 373 1316 γραμματικὸς
398 1228 455 1295 καὶ
483 1228 653 1314 ἐποποιός,
681 1229 827 1316 γεγονὼς
851 1231 909 1298 ἐπὶ·
927 1231 1072 1319 Μάρκου
1092 1230 1294 1300 Ἀντωνίνου

145 1336 317 1423 βασιλέως.
355 1332 524 1404 ἁλιευτικὰ
543 1338 580 1403 ἐν
598 1341 741 1421 βιβλίοις
759 1335 799 1422 ε’,
818 1336 1015 1424 κννηγετικά
1035 1339 1072 1406 ἐν
1090 1342 1234 1425 βιβλίοις
1253 1337 1294 1423 δ’,

146 1443 291 1525 ίξεντικά
317 1448 431 1529 βιβλία
454 1441 498 1528 β’.
538 1441 843 1529 [ἀναγνωσθέντων
868 1445 905 1513 δὲ
927 1449 996 1512 τῶν
1018 1444 1212 1533 ποιημάτων
1235 1442 1334 1513 usi-1⁰

147 1553 210 1618 τοῦ
233 1549 286 1617 ἐπὶ
308 1554 369 1618 τοῦ
393 1548 651 1638 αὐτοκράτορος,
672 1550 863 1639 ἐδωρήσατο
891 1550 980 1643 αὐτῷ
1000 1551 1082 1638 πρὸς
1103 1554 1161 1619 ἕνα
1181 1557 1295 1639 στίχον

145 1659 184 1724 ἐν
205 1656 312 1746 μέτρῳ
332 1659 477 1745 στατῆρα
496 1659 660 1744 χρυσοῦν,
682 1654 790 1743 ἤγουν
809 1656 966 1744 νόμισμα,
991 1655 1035 1737 ὡς
1056 1664 1171 1744 λαβεῖν
1191 1656 1295 1726 αὐτὸν

150 1764 205 1832 ἐπὶ
227 1767 310 1830 πάσι
332 1762 548 1850 νομισμάτων
571 1762 737 1849 μυριάδας
759 1763 817 1849 β’.]

239 1871 446 1937 DLXXXIX.
493 1867 736 1956 Ὀρειβάσιος
772 1868 981 1957 Σαρδιανός,
1017 1871 1185 1959 γνώριμος
1215 1868 1295 1940 Ἰον-
1382 1910 1386 1919 ·

147 1954 270 2046 λιανάῦ
302 1980 362 2044 τοῦ
388 1973 560 2062 Ῥωμαίων
594 1977 771 2063 βασιλέως,
806 1978 862 2045 καὶ
891 1983 1069 2063 κοιαίστωρ
1100 1975 1157 2045 ὑπ’
1190 1976 1295 2046 αὐτοῦ
1311 2000 1335 2038 1⁵

148 2083 371 2163 κατασταθείς
393 2089 657 2151 Κωνσταντίνον
680 2083 824 2164 πόλεως
864 2089 986 2172 ἔγραψε
1008 2083 1091 2173 πρὸς
1115 2083 1194 2164 τοὺς
1216 2083 1297 2152 άπο-

148 2196 296 2279 ροῦντας
317 2193 386 2259 τῶν
410 2193 534 2278 ἰατρῶν
557 2194 670 2276 βιβλία
694 2190 739 2277 δ’,
762 2189 846 2278 πρὸς
865 2187 1055 2260 Ἰονλιανὸν
1076 2191 1136 2260 τὸν
1158 2194 1296 2278 βασιλέα

147 2304 262 2385 βιβλία
285 2299 349 2384 οβ’,
378 2294 537 2383 ἐπιτομὴν
561 2294 672 2365 αὐτῶν
697 2298 733 2365 ἐν
756 2303 899 2383 βιβλίοις
922 2296 971 2381 e',
995 2297 1077 2387 πρὸς
1100 2295 1297 2368 Εὐστάθιον

148 2405 212 2473 τὸν
236 2403 316 2473 υίόν
337 2405 394 2472 καὶ
415 2404 492 2491 περὶ
514 2408 684 2489 βασιλείας
705 2404 760 2472 καλ
784 2405 859 2491 περὶ
883 2409 1014 2473 παθῶν.
1247 2481 1249 2484 ⁴

238 2513 336 2581 DXO.
375 2509 558 2600 Ὀρφεὺς
587 2509 791 2597 Λειβήθρων
818 2514 887 2579 τῶν
917 2514 954 2579 ἐν
980 2510 1093 2602 Θράκῃ
1122 2511 1232 2601 (πόλις
1261 2514 1338 2581 δέν)
1400 2516 1402 2520 ’

148 2623 241 2688 ἐστιν
267 2616 334 2687 ὑπὸ
361 2620 401 2706 τῇ
429 2621 580 2707 ΠιερίΙ),
611 2615 685 2696 υίὸς
713 2615 862 2702 Οίάγρου
889 2622 944 2685 καὶ
973 2618 1179 2704 Καλλιόπης·
1212 2616 1230 2687 ὁ
1261 2619 1298 2686 δὲ

149 2736 297 2814 Οἴαγρος
327 2726 472 2812 πέμπτος
502 2715 546 2812 ἦν
581 2720 645 2791 άπὸ
669 2720 864 2810 Ἄτλαντος,
895 2722 977 2792 κατά
1003 2723 1186 2813 Ἁλκυόνην
1217 2732 1298 2813 μίαν

220 2887 388 2942 DLXXXVI
406 2887 442 2942 ad
460 2885 623 2941 historicum
642 2883 754 2938 rettulit
773 2885 877 2940 Μάλλιτ

220 2966 401 3023 DLXXXVII
418 2966 507 3021 Huius
527 2965 648 3020 auctoris
663 2964 766 3019 librum
779 2962 973 3036 Στρατηγικίς
990 2966 1074 3022 hodie
1093 2964 1185 3022 adhue
1203 2967 1298 3022 extare

147 3047 261 3102 monuit
277 3047 414 3103 Κασίτκυσ
486 3041 573 3113 4τὴν
592 3040 744 3108 Πλάτωνος
761 3049 906 3101 πολιτείαν
925 3063 994 3102 corr.
1010 3048 1149 3103 Weslerm.
1213 3043 1298 3110 ὂτάς

150 3160 186 3170 -
205 3129 349 3190 πολιτείας
367 3129 452 3197 υκλρ.;
474 3127 507 3182 ef.
526 3146 552 3181 v.
571 3120 742 3195 Μάναιχμος

222 3200 416 3262 DLXXXVIII
442 3206 483 3262 ef.
502 3204 632 3271 Ausfeld,
651 3205 686 3260 de
705 3205 776 3276 Opp.
795 3225 822 3276 p.
838 3214 853 3261 7
873 3206 967 3275 (Goth.
984 3208 1071 3276 1876).
1098 3208 1174 3263 Duos
1192 3210 1299 3277 poetas,

149 3287 281 3356 Cilicem,
300 3287 349 3357 qui
366 3288 501 3358 regnante
516 3287 610 3340 Marco
625 3284 740 3341 Aurelio
759 3285 838 3352 vixit,
857 3286 976 3355 Syrium,
995 3290 1131 3358 regnante
1146 3287 1297 3356 Caracalla,

147 3368 196 3424 hie
219 3367 350 3423 confusos
373 3384 432 3422 esse
456 3365 552 3422 docuit
569 3366 681 3435 Rohde,
699 3365 770 3420 Mus.
789 3365 878 3422 Rhen.
898 3362 1015 3421 XXXIII
1038 3385 1064 3436 p.
1086 3373 1149 3437 172,
1172 3369 1298 3423 Marcum

147 3447 323 3503 Antoninum
341 3449 371 3504 et
386 3447 425 3503 M.
439 3445 585 3502 Aurelium
603 3447 632 3501 et
650 3445 823 3502 Caracallum
842 3447 998 3517 significare
1018 3463 1133 3501 monens

149 3537 165 3585 9
187 3527 314 3599 ἔγραψεν
332 3528 395 3584 add.
414 3529 486 3598 οκλγ.
506 3531 603 3583 ome
707 3532 739 3580 10
762 3527 833 3582 haee
857 3527 1006 3597 descripsit
1025 3528 1129 3583 Saldae
1153 3544 1187 3582 ex
1209 3528 1299 3583 altera

149 3609 273 3680 Oppiani
290 3607 351 3664 vita
369 3610 407 3678 (p.
428 3614 462 3664 64
480 3608 526 3663 vel
545 3613 587 3676 66,
602 3613 619 3660 4
633 3607 792 3677 Westerm.)

222 3689 389 3744 DLXXXIX
409 3705 462 3743 om.
478 3689 615 3743 Westerm.
653 3688 796 3744 Ouibasius
820 3690 895 3759 apud
913 3687 1071 3758 Eunapium
1090 3689 1103 3742 I
1121 3696 1229 3759 p.·103‚
1250 3689 1298 3744 ubi

146 3766 305 3844 Ὀριβάτιος
322 3770 453 3835 vocatur,
476 3769 520 3822 est
536 3770 739 3839 Pergamenus,
763 3785 819 3822 non
838 3768 995 3824 Sardianus.
1032 3769 1074 3824 De
1099 3786 1133 3824 eo
1152 3769 1186 3826 cf.
1205 3770 1298 3825 Philo-

150 3853 235 3921 ποτε.
259 3848 332 3904 Hist.
347 3849 414 3904 ecel.
428 3867 456 3918 p.
471 3853 531 3903 520.
561 3849 672 3920 Scripta
690 3851 835 3904 enumerat
854 3849 940 3904 etlam
954 3850 1035 3906 Phot.
1050 3850 1118 3904 bibl.
1133 3868 1161 3920 p.
1178 3858 1227 3907 173
1241 3867 1297 3919 seq.

152 3937 185 3986 15
209 3931 261 3985 τοῦ
285 3924 453 4003 παραβάτου
476 3929 537 3984 edd.
562 3932 669 3986 vettE
693 3930 744 3985 τοῦ
763 3925 842 4000 Ῥωμ.
868 3931 928 4002 βασ.
949 3933 996 3982 ΑΒ
1084 3936 1115 3985 17
1142 3929 1297 3998 Epistulam

150 4009 253 4065 Iuliani
266 4008 345 4063 XVII
358 4009 395 4064 ad
409 4009 567 4065 Oribasinm
582 4011 715 4081 scriptam
730 4026 790 4064 esse
804 4008 913 4064 monuIt
926 4010 1064 4064 Kusterua
1119 4016 1152 4064 18
1167 4011 1260 4084 βιβλία
1274 4007 1296 4063 α’

149 4093 262 4147 tautum
285 4090 384 4144 laudat
406 4088 487 4144 Phot.
510 4107 537 4160 p.
558 4095 609 4145 174
632 4091 786 4161 (eod.21'1)
815 4089 939 4144 eiusdem
957 4085 1105 4160 ἐπιτομὴν
1135 4088 1299 4159 compilavit

150 4172 233 4226 Phot.
254 4169 314 4226 uod.
334 4175 386 4224 218

222 4248 297 4305 Dxc
319 4249 455 4318 Pleraque
479 4248 594 4305 exhibet
611 4250 687 4306 Εαιλ.
709 4269 737 4320 p.
752 4255 803 4305 525
814 4267 870 4319 seq.
909 4249 948 4305 cf.
969 4248 1054 4304 Olem.
1073 4248 1151 4302 Alex.
1168 4248 1268 4302 Strom.
1285 4248 1298 4300 Ι

150 4351 179 4402 p.
194 4337 260 4399 2443
279 4329 405 4397 nobem,
424 4329 564 4400 Aglaoph.
583 4331 596 4384 1
614 4349 640 4401 p.
661 4335 713 4385 355
728 4347 798 4401 seq.;
818 4330 924 4400 Bergk,
943 4328 996 4384 Lis.
1017 4329 1062 4383 Gr.
1081 4329 1094 4382 I
1112 4347 1139 4398 p.
1159 4335 1210 4383 396
1226 4345 1297 4398 seq.;

151 4411 243 4480 Daub,
262 4412 298 4466 de
312 4409 388 4465 Suid.
402 4426 430 4478 p.
440 4413 506 4485 4163
524 4409 625 4478 Maass,
640 4410 733 4482 Biogr.
747 4430 775 4482 p.
788 4418 851 4478 1263
871 4410 976 4475 Rohde,
994 4409 1064 4463 Mus.
1079 4410 1167 4466 Rhen.
1181 4409 1298 4465 XXXVI

151 4510 179 4562 p.
194 4496 247 4546 394
320 4494 354 4544 20
373 4484 543 4562 Λειβήθρων
562 4489 697 4560 Galesord
714 4492 869 4580 Asflpllppis
887 4496 910 4546 A
927 4485 1089 4561 Ληβήθρων
1106 4492 1179 4565 vulp.
