2880 5054
622 296 835 357 HESYCHIUS.
1237 303 1300 368 135

107 469 111 474 ’
148 459 346 547 κοννήσιος,
372 457 559 545 φιλόσοφος
578 458 801 539 Πλατωνικός.
842 465 964 547 ἔγραψε
982 461 1156 548 φιλόσοφα
1176 465 1231 532 καὶ
1252 470 1299 544 είς

150 565 224 654 τὴν·
238 566 423 644 Πλάτωνος
444 569 614 632 πολιτείαν
638 571 750 650 βιβλία
773 565 817 653 γ’.

240 677 295 742 DI.
333 672 572 760 Μάναιχμος
594 671 795 758 Σικυώνιος,
819 671 892 752 υίὸς
907 671 1075 759 Ἀλκιβιόυ
1098 671 1118 761 ἢ
1138 672 1298 762 Ἀλκιβιά-

148 787 232 868 δου,
256 780 430 869 ἱστορικός.
467 781 584 867 γέγονε
603 779 640 847 δὲ
660 780 712 847 ἐπὶ
731 784 799 847 τῶν
818 779 995 868 διαδόχων.
1043 786 1187 869 ἔγραψεν
1212 787 1298 851 ἱστο-

150 893 229 975 ρίαν
253 887 315 974 τὴν
338 885 420 956 κατά
443 886 504 954 τὸν
524 884 708 954 Μακεδόνα
729 882 958 973 Ἁλέξανδρον.
1053 945 1057 953 .
1313 914 1325 953 s

242 997 315 1063 DII.
356 993 555 1072 Μάνεθως
590 995 768 1079 Μένδητος
800 997 858 1079 τῆς
890 996 1080 1082 Αίγύπτου,
1118 994 1296 1085 ἀρχιερεύς.

152 1109 278 1189 ἔγραψε
301 1102 376 1190 περὶ
398 1103 603 1186 κατασκευῆς
626 1104 766 1186 κυφίων.

238 1220 327 1285 DIII.
345 1224 388 1283 Μ
390 1214 543 1294 άνεδως
554 1213 770 1293 Διοσπόλεως
782 1218 841 1301 τῆς
851 1215 1023 1300 Αἰγύπτου
1037 1213 1058 1302 ἢ
1073 1219 1296 1307 Σεβεννύτης.

148 1322 387 1411 φυσιολογικά,
412 1320 691 1408 άποτελεσματικὰ
715 1318 761 1387 δι’
784 1323 872 1388 ἐπῶν
896 1321 952 1388 καὶ
975 1320 1061 1390 άλλα
1081 1323 1156 1392 τινά
1176 1324 1295 1415 άστρο-

147 1430 351 1518 νομούμενα.
1312 1461 1336 1499 ro

238 1540 326 1605 DIV.
350 1537 532 1623 Μάξιμος
555 1533 676 1621 Τύριος
694 1533 892 1622 φιλόσοφος,
906 1538 1060 1666 διέτριβε
1080 1538 1152 1607 (ls'
1136 1566 1172 1607 εν
1187 1483 1295 1629 Ῥώμη

150 1645 203 1711 έπλ
232 1643 404 1731 Κομόδου.
449 1643 524 1730 περὶ
554 1638 714 1728 Ὁμήρου,
742 1641 797 1708 καλ
820 1639 917 1728 τίςὴ
951 1640 1030 1732 παρ’
1056 1642 1145 1737 αὐτῷ
1174 1642 1296 1734 άρχαια

150 1755 352 1837 φιλοσοφία,
386 1755 416 1818 εί
443 1754 551 1828 καλῶς
575 1747 758 1835 Σωκράτης
782 1744 843 1815 οὐκ
866 1744 1109 1838 ἀπελογήσατο,
1133 1755 1188 1821 καὶ
1211 1752 1296 1822 άλλα

151 1856 227 1925 τινά
251 1854 422 1944 φιλόσοφα
447 1855 619 1943 ζητήματα.

235 1975 306 2041 DV.
354 1971 559 2059 Μάξιμος
595 1969 796 2058 Ἠπειρώτης
822 1966 843 2057 ἢ
876 1971 1060 2054 Βυζάντιος
1093 1974 1290 2062 φιλόσοφος,
1311 2001 1335 2039 15

147 2078 349 2158 διδάσκαλος
368 2079 557 2148 Ἰονλιανοῦ
576 2082 748 2164 Καίσαρος
765 2080 826 2144 τού
844 2078 1048 2166 παραβάτον.
1078 2086 1201 2167 ἔγραφε
1218 2084 1293 2168 περὶ

147 2366 200 2403 om.
216 2349 292 2410 Erret.
362 2355 377 2403 2
397 2345 448 2418 triv
464 2378 495 2387 —
511 2345 656 2399 πολιτείαν
675 2345 769 2415 recepi
788 2361 822 2418 ex
835 2345 911 2400 Ειιιί.
930 2343 980 2410 τὰς
996 2379 1026 2386 -
1043 2350 1186 2412 πολιτείας
1205 2336 1295 2417 said,

146 2429 180 2482 cf.
202 2449 227 2483 v.
245 2424 431 2499 Ὀνόσανδρος

216 2517 255 2570 111
274 2518 350 2572 Eur.
370 2535 396 2585 p.
411 2521 472 2570 493.
503 2513 542 2568 cf.
562 2512 677 2582 Miiller,
696 2512 796 2583 Script.
812 2515 855 2569 Al.
873 2534 899 2584 p.
917 2521 966 2570 145
1021 2523 1037 2572 3
1057 2515 1212 2587 Μάνεχμος
1229 2535 1293 2588 φατε

144 2597 208 2652 libr.
228 2596 396 2666 Μέναιχμος
417 2612 486 2650 corr.
508 2595 613 2649 Μίλίίεν
703 2599 718 2647 5
742 2595 799 2648 τῶν
822 2595 923 2650 maluit
942 2596 1076 2664 Gaisford
1099 2597 1136 2653 al.
1155 2594 1206 2667 τὴν
1230 2599 1294 2654 libri

144 2678 225 2732 Suro.
242 2678 319 2732 Euo.

216 2757 269 2811 DII
287 2774 341 2812 om.
353 2757 489 2811 Westcrm.
510 2755 625 2808 Tractat
638 2753 741 2809 Miiller
754 2755 780 2809 ΙΙ
793 2775 820 2825 p.
831 2761 881 2810 511
935 2764 951 2812 6
965 2755 1113 2820 Μάνεθως
1122 2763 1197 2813 ARV
1211 2757 1293 2814 Μάν-

146 2842 239 2900 αιθως
257 2837 307 2891 rel.
322 2833 472 2905 Μένδητος
487 2833 587 2904 scripsi
605 2835 728 2890 monitus
747 2852 764 2888 a
781 2837 969 2893 θαίεολινιίιλλο
988 2839 1062 2908 (coll.
1077 2858 1102 2895 v.
1117 2843 1195 2896 Μαν,
1212 2847 1292 2895 Διοσ-

144 2913 262 2987 πόλεως)
281 2913 399 2986 Μένδης
417 2912 655 2986 cal9.Msvrlrirr1‹;
674 2916 744 2970 coni.
764 2919 924 2973 Holsterrr'uc
948 2919 984 2972 ad
1005 2918 1099 2988 Steph.
1124 2938 1150 2975 v.
1165 2919 1293 2989 Μένδης,

143 3000 290 3068 Μενδίτης
303 2998 348 3052 vel
363 2992 527 3064 Μενδήσιος
541 2997 685 3052 Kustrrrrc.
706 2996 852 3064 Goisfordr'
866 2998 1121 3067 interpunctionem
1140 3000 1189 3069 τῆς
1209 2995 1290 3069 Αίγύ-
1369 3051 1372 3056 .

144 3099 215 3133 πτου
231 3073 292 3147 άρχ.
308 3078 422 3132 sustulit
435 3077 615 3146 Bernhardy,
632 3077 680 3144 qui
695 3078 845 3146 utrumque
855 3076 1052 3133 Manethonem
1069 3096 1102 3132 ex
1117 3097 1172 3134 uno
1187 3080 1292 3135 factum

144 3176 202 3212 esse
229 3156 386 3226 suspicatus
414 3160 469 3225 est,
500 3157 575 3225 quod
602 3156 774 3224 improbavit
801 3158 973 3226 θαίεοίινιίάς
1006 3159 1124 3212 alterum
1154 3178 1292 3213 summum

144 3237 267 3307 Aegypti
288 3237 461 3292 sacerdotem
485 3237 570 3292 fuisse
599 3238 710 3291 constat
737 3231 885 3307 άρχιερεύς
912 3237 975 3291 libr.
1005 3239 1073 3293 Par.
1103 3235 1195 3306 ἱερεύς
1217 3246 1240 3292 V
1263 3239 1292 3293 in

144 3334 232 3387 marg.
251 3319 323 3388 culp

218 3396 284 3450 DlII
307 3396 697 3466 cf.Mn11er1.c.,.synce11
717 3415 744 3465 p.
760 3402 807 3464 23,
823 3402 852 3465 9,
876 3413 931 3465 quo
950 3397 1012 3451 loco
1037 3399 1133 3451 auctor
1155 3398 1220 3452 libri
1243 3400 1292 3466 τῆς

145 3472 265 3540 Σωθεος
284 3495 313 3533 se
337 3480 435 3534 laudat
452 3477 529 3548 γένει
549 3472 757 3546 Σεβεννύτης“
744 3473 879 3545 υπάρχων
901 3471 1124 3544 Ηλιουπολίτης;
1149 3497 1166 3545 η
1188 3484 1291 3532 Διοπο-

145 3559 221 3627 λίτης
239 3575 290 3627 pro
305 3554 361 3613 Ηλ.
383 3577 450 3614 corr
471 3559 528 3613 Ga
528 3559 632 3612 cohorrui

134 3639 137 3642 ’
215 3635 375 3694 DlVErrd
395 3657 423 3708 p.
442 3643 495 3692 494
569 3644 599 3690 11
626 3635 657 3691 δὲ
682 3654 736 3698 om
756 3636 846 3703 Eud,
870 3653 940 3705 quae
959 3639 1027 3737 post
1045 3633 1179 3707 Κομόδου
1198 3637 1291 3709 pergit

146 3716 253 3788 ἔγραφε
274 3714 394 3780 πολλοὺς
412 3712 587 3787 φιλοσόφους
607 3714 718 3786 λόγους,
738 3708 777 3770 ὧν
797 3718 918 3787 πρῶτος,
937 3719 979 3778 τίς
997 3712 1012 3769 ὁ
1032 3712 1103 3780 θεὸς
1121 3714 1193 3772 κατά
1213 3716 1291 3772 Πλά-

145 3818 221 3852 τωνα
240 3797 275 3852 de
294 3796 395 3866 quibus
414 3798 448 3852 cf
468 3798 577 3852 Unters.
596 3815 623 3892 p.
644 3802 691 3865 41,
716 3797 810 3863 Daub,
831 3798 864 3852 de
883 3796 956 3851 Viol.
978 3815 1005 3866 p
1026 3798 1138 3862 6Μαξ.
1160 3802 1226 3867 Τορ.
1246 3795 1290 3852 λό-

145 3900 192 3948 γος
211 3877 276 3948 περὶ
294 3898 344 3932 του
364 3880 405 3940 τίς
423 3874 437 3930 ὁ
452 3873 524 3940 θεὸς
539 3874 610 3931 κατὰ
626 3840 792 3930 Πλάτωνα
784 3896 813 3931 m
827 3877 956 3947 catalogo
971 3877 1105 3939 librorum
1121 3877 1291 3932 Graecorum

145 3959 310 4026 Veronensi,
329 3976 412 4026 quem
431 3956 554 4026 inspexit
573 3957 759 4025 Studemund,
777 3957 896 4011 inveniri
915 3957 1024 4011 monuit
1044 3958 1145 4023 Ραίολι,
1164 3957 1197 4010 δε
1218 3956 1289 4010 Viol.

144 4059 169 4110 p.
186 4045 229 4094 86.
262 4037 341 4104 Quod
361 4037 525 4108 opusculum
544 4036 668 4107 pluriens
688 4035 745 4090 edit
734 4039 792 4089 stim
812 4035 896 4090 hodie
915 4037 1010 4089 extare
1023 4037 1120 4089 notum
1135 4036 1184 4088 est.
1210 4035 1287 4089 Cete-

143 4138 204 4174 rum
224 4121 290 4173 ante
311 4112 358 4172 ἐπὶ
376 4114 509 4187 Κομόδου
534 4115 669 4171 excidisse
688 4116 784 4186 μέχρις
803 4116 848 4169 vel
867 4115 923 4169 tale
943 4114 1010 4182 quid
1029 4114 1118 4168 visum
1138 4115 1181 4167 cst
1199 4113 1286 4168 Berri-

143 4201 249 4270 λατάγην
270 4195 376 4267 ἔγραφε
396 4195 461 4266 περὶ
478 4199 551 4267 υαίγ,
516 4194 588 4250 λέ
588 4208 678 4266 γραφε
699 4212 753 4252 om
773 4200 874 4248 ABVE

214 4287 266 4342 DV
285 4286 360 4340 Εαιλ.
381 4285 399 4339 1
415 4301 438 4340 c
440 4301 538 4354 ,quae
557 4285 593 4338 ad
612 4287 727 4340 verbum
746 4302 808 4339 cum
826 4284 912 4339 Suida
931 4283 1068 4340 consentit
1155 4286 1188 4336 15
1205 4277 1286 4350 Ἐφέ-

143 4387 202 4431 σιος
220 4385 271 4438 pro
288 4360 456 4434 Ἠπειρώτης
470 4365 603 4435 Socrates,
622 4366 686 4420 Hist
674 4369 693 4420 1.
709 4364 776 4420 eccl.
790 4365 838 4434 III,
851 4372 874 4435 1,
896 4384 944 4434 qu1
936 4363 1060 4418 'Iuliani
1078 4364 1288 4433 praeceptorem

142 4466 159 4503 a
178 4446 314 4518 Byzantio
333 4442 481 4514 distinguit
