2910 5056
178 299 219 363 14
645 296 856 354 HESYCHIUS.

266 462 378 536 XLIX.
413 458 645 542 Ἀνάξιππος
672 458 815 547 κωμικὸς
842 470 899 546 τῆς
922 459 999 538 νέας
1021 462 1200 550 κωμῳδίας
1221 455 1322 545 ..ἢκ

176 587 280 654 μασεν
305 568 356 635 ἐπὶ
377 565 574 655 Ἀντιγόνου
597 567 652 635 καί
677 572 874 655 Δημητρίου
897 571 958 635 τοῦ
982 569 1227 652 Πολιορκητοῦ.

264 696 297 761 L.
332 689 562 779 ’Λνύχαρσις
583 691 748 779 Γνούρου,
768 690 892 780 μητρὸς
912 692 949 759 δὲ
957 690 1164 778 Ἑλληνίδος,
1184 691 1321 778 Σκύθης

176 799 374 886 φιλόσοφος,
399 798 546 886 ἀδελφὸς
570 798 711 866 Καδούα
734 803 794 867 τοῦ
813 803 964 867 Σκυθῶν
986 799 1157 885 βασιλέως.
1204 803 1322 885 ἔγραψε

149 909 301 995 ὀνόμιμα
325 905 483 975 Σκυθικὰ
513 903 560 973 δι’
592 908 696 990 ἐπῶν,
725 906 799 993 περὶ
827 903 992 985 εὐτελείας
1022 910 1090 974 τῶν
1114 910 1162 985 εἰς
1184 905 1247 973 τὸν
1270 903 1323 974 ιἰν-

175 1012 354 1101 θρῶιιινον
392 1019 542 1100 βίον,..
568 1017 628 1098 ἔπη
657 1011 765 1080 τύντα
798 1009 985 1080 ὀκτακόσια.
1036 1002 1126 1099 [εῦρε
1159 1009 1198 1077 δέ
1232 1001 1326 1090 οὗτος

179 1119 332 1207 ἄγκυραν
355 1119 466 1187 καὶ
432 1147 493 1189 τον
517 1117 698 1207 κεραμικὸν
720 1116 851 1205 τροχόν.
883 1110 927 1204 ἦν
951 1117 988 1186 δὲ
1011 1118 1063 1186 ἐπὶ
1085 1124 1252 1205 Κροίσου,
1273 1119 1325 1186 καὶ

176 1227 405 1314 τετελεύτηκεν
430 1224 626 1314 Ἑλληνικὰς
648 1223 778 1304 τελετὰς
805 1226 962 1293 ἐπιτελῶν
991 1226 1028 1293 ἐν
1055 1227 1226 1311 Σκύθαις,
1261 1227 1325 1293 έιιι-

176 1335 421 1419 βουλεύσαντος
450 1331 539 1424 αὐτῶ
570 1335 630 1400 τοῦ
659 1330 824 1417 ἀδελφοῦ,
852 1330 934 1400 κατὰ
957 1332 1006 1423 δέ
1030 1358 1140 1416 τινας,
1175 1333 1214 1397 έν
1241 1330 1326 1421 γήρᾳ

137 1457 162 1497 10
177 1447 280 1524 βαθεῖ
300 1442 355 1509 καὶ
379 1443 491 1528 μέχρις
514 1441 598 1507 ἐτῶν
622 1438 764 1522 {aanor}

267 1568 318 1633 LI.
353 1563 584 1652 Ἀνδοκίδης
612 1561 802 1649 Ἀθηναῖος,
836 1561 949 1654 ῥήτωρ
979 1568 1047 1633 τῶν
1080 1562 1325 1648 πρωτευόντων

176 1675 255 1740 δέκα
276 1667 333 1758 εἷς,
353 1669 426 1750 υίὸς
445 1669 637 1757 Λεωγόρου,
662 1666 830 1755 ἀπόγονος
853 1669 1047 1758 Τηλεμάχου
1065 1674 1126 1738 τοῦ
1143 1668 1328 1750 Ὀδυσσέως
1352 1680 1356 1689 “

175 1781 230 1847 καὶ
254 1777 462 1864 Ναυσικύας,
487 1774 532 1856 ῶς
554 1796 659 1863 φησιν
679 1773 881 1855 Ἑλλάνικος.

264 1907 334 1972 LII.
367 1890 669 1989 Ἀνδροκλείδης
697 1898 714 1968 ὁ
743 1904 803 1968 τοῦ
833 1908 1003 1970 Συνεσίου
1030 1908 1091 1971 τοῦ
1119 1908 1241 1973 Λυδοῦ
1269 1907 1330 1974 τοῦ

137 2026 161 2066 15
179 2012 414 2096 Φιλαδελφέως
435 2009 517 2089 υίός.
565 1999 662 2087 οὗτος
686 2007 723 2075 δὲ
746 2008 798 2074 ἐπὶ
824 2014 1025 2098 Πορφυρίου
1049 2014 1109 2078 τοῦ
1132 2011 1330 2100 φιλοσόφου

176 2313 326 2383 Porphyrii
344 2310 511 2368 sententiam
531 2327 594 2366 esse
613 2312 768 2382 suspicatus
788 2313 843 2380 est,
862 2313 982 2367 alterum
997 2310 1039 2379 (ἐν
1053 2315 1087 2383 τῇ
1102 2310 1244 2383 Σάρδεων
1258 2311 1332 2370 ἁλῶ·

176 2395 229 2462 σει)
244 2393 408 2463 Apollodori
443 2389 485 2461 νη’
503 2391 637 2461 Origenes
656 2392 759 2447 Philos.
779 2393 834 2462 Ip.
849 2398 900 2448 887
920 2409 973 2447 rec.
994 2393 1106 2451 Oliatorr
1125 2414 1151 2464 p.
1168 2401 1183 2448 5
1199 2396 1250 2450 Kr.
1282 2393 1329 2450 νθ’

175 2472 308 2544 Scalerr,
327 2473 475 2529 Animadv.
496 2473 526 2526 in
540 2473 605 2527 Eus.
621 2491 647 2542 p.
663 2477 705 2526 94.
742 2473 871 2527 Fortasse
890 2473 976 2527 verba
996 2469 1027 2527 ἐν
1045 2475 1079 2543 τῇ
1099 2472 1241 2544 Σάρδεων
1260 2471 1331 2530 ἁλῶ-

175 2571 269 2606 σει-
290 2554 355 2608 exit.
375 2572 392 2608 a
414 2553 581 2623 neglegente
600 2554 705 2607 lectore
726 2558 759 2606 'ex
778 2552 943 2622 Apollodori
967 2554 1153 2624 chronologia
1174 2556 1330 2627 adscripta,

177 2633 226 2701 qui
244 2632 415 2702 Hesychium
434 2634 582 2687 emendare
600 2634 716 2688 volebat

246 2724 334 2778 XLIX
356 2724 432 2778 Eud.
451 2741 478 2791 p.
499 2728 558 2778 103.
591 2721 728 2792 Equidem
752 2722 851 2777 comici
875 2723 1048 2779 mentionem
1072 2725 1200 2779 fecerunt
1219 2725 1331 2795 Pollux,

174 2805 337 2858 Athenaeus
356 2803 392 2858 al.
426 2800 466 2856 ef.
487 2801 600 2879 Clinton
617 2820 644 2871 p.
666 2807 715 2856 187
730 2801 791 2867 Kr.;
810 2802 938 2857 Meineke
957 2805 970 2858 Ι
988 2822 1015 2873 p.
1034 2810 1087 2859 469
1102 2821 1160 2872 seq.

245 2902 266 2954 L
287 2901 362 2954 Eud
381 2918 407 2968 p
429 2905 479 2952 126
499 2898 647 2969 descripsit
665 2897 746 2967 Diog.
761 2900 782 2967 Ι,
799 2907 858 2969 101,
878 2919 960 2970 quem
977 2906 1040 2973 part
1028 2903 1079 2957 tim
1098 2901 1233 2958 adhibuit
1250 2904 1331 2958 scho-

174 2981 259 3035 liasta
277 2977 390 3034 Platon.
405 2977 444 3032 Vl
459 2997 485 3047 p.
501 2985 553 3034 360
573 2979 676 3047 Herm„
696 2979 773 3032 cuius
791 2944 879 3035 vitain
899 2983 1069 3038 subscribere
1088 2983 1179 3037 iuvat:
1196 2977 1328 3053 ’Λνιίχαρ

175 3080 229 3129 σις,
251 3057 377 3128 Γνούρου
396 3054 458 3120 υίὸς
477 3059 527 3112 τοῦ
549 3056 683 3130 βασιλεως
697 3060 823 3114 Σκυθῶν
828 3057 1004 3131 ,μητρδςδ
1017 3059 1191 3131 Ελληνίδος,
1211 3060 1260 3116 διὸ
1281 3064 1330 3117 καί

175 3143 325 3209 δίγλωσσος
342 3159 386 3208 ην.
424 3129 506 3200 οῦτος
530 3133 658 3203 ἐξενώθη
682 3133 714 3190 έν
697 3104 866 3211 ν’Λθὴνύιις
884 3138 994 3196 Σόλωνι
1017 3142 1066 3196 καλ
1090 3138 1264 3196 ἐπανελθὼν
1288 3141 1331 3206 εἰς

174 3218 226 3291 τὴν
249 3222 382 3275 Σκυθίαν
407 3217 462 3289 ἔθη
482 3213 631 3288 Ελληνικίι
654 3212 848 3285 ταραδιδοὶξαι
872 3216 1049 3291 ἐτοξεύθη
1035 3216 1092 3275 υπὸ
1118 3221 1168 3275 τοῦ
1195 3216 1330 3292 ἀδελφοῦ

174 3296 259 3355 ταδ’
241 3300 394 3356 αποπνέων
413 3297 482 3369 ἔφη
502 3295 550 3354 διὰ
570 3292 668 3369 μέν
640 3316 691 3350 τον
710 3292 793 3365 λόγον
813 3293 844 3351 έν
858 3299 908 3366 τῆς
922 3296 1056 3363 Ἑλλάδος
1075 3296 1204 3371 ἕσῶθην,
1225 3299 1277 3357 διὰ
1296 3301 1348 3358 δὲ·

174 3378 223 3435 τὸν
243 3377 358 3450 φθόνον
373 3377 405 3435 ἐν
423 3380 456 3451 τῆ
476 3381 592 3449 πατρίδι
605 3373 761 3448 ἆνηρέθην.
796 3374 835 3430 Cf.
855 3378 966 3435 Unters.
984 3399 1011 3450 p.
1027 3386 1069 3436 89.
1100 3379 1213 3436 Erravit
1231 3383 1329 3452 Dauo,

175 3460 209 3513 de
225 3461 298 3516 Viol.
313 3480 340 3531 p.
357 3466 392 3515 24
449 3456 613 3529 3Γνούρον
633 3455 740 3512 correxi
759 3473 793 3511 ex
811 3458 892 3528 Diog.
913 3461 1000 3516 schol.
1024 3459 1092 3515 Plat
1113 3460 1190 3517 Eud.
1212 3461 1330 3535 Γνυρου

175 3541 241 3595 libri
255 3541 334 3596 Soio
394 3539 578 3594 4Καδουΐδα
595 3539 731 3608 Βίοηινιαι
745 3539 875 3634 Καδοηίρι
895 3541 961 3595 libri
979 3541 1058 3596 Sora.
1116 3541 1291 3599 δΣκυθικύ
1306 3549 1330 3597 Δ

175 3621 330 3674 Σκυθικῶν
346 3625 367 3672 B
385 3619 512 3674 Σκυθῶν
518 3596 551 3670 E
569 3619 641 3687 ννίη.
710 3612 760 3670 τὸν
779 3615 820 3680 εἰς
838 3616 927 3673 τόνΔ
1006 3610 1106 3690 sspost
1125 3623 1188 3693 βίον
1206 3622 1329 3678 lacunae

175 3699 285 3767 signum
311 3699 463 3768 posuerunt
484 3697 651 3768 Bernhardy
675 3695 811 3752 Werterm.
910 3719 1028 3769 ευρε-
1048 3701 1114 3756 exit.
1136 3717 1170 3756 ex
1189 3703 1330 3775 Diogenis

174 3779 236 3832 looo
256 3778 342 3833 citato
362 3777 511 3846 adscripsit
529 3776 629 3831 Suidas

244 3866 280 3921 Ll
299 3866 375 3923 Eud.
395 3885 420 3936 p.
441 3872 491 3921 100
557 3872 589 3920 13
609 3867 643 3921 de
661 3866 801 3921 Hellanici
820 3870 972 3940 sententia,
992 3888 1077 3941 quam
1094 3871 1223 3928 invenies
1239 3875 1328 3930 etiam

174 3947 250 4016 apud
268 3947 351 4003 Phot.
369 3947 438 4001 bibl.
455 3965 482 4016 p.
502 3953 567 4016 488,
587 3946 621 4002 cf.
642 3946 735 4017 Stura,
754 3949 864 4006 Hellan.
884 3971 910 4022 p.
933 3959 983 4008 123
999 3970 1055 4021 seq.
1087 3952 1192 4008 Mdller
1211 3955 1224 4008 l
1244 3975 1272 4025 p.
1294 3962 1328 4011 65

173 4027 218 4098 (fr.
239 4031 283 4096 78)
401 4076 404 4083 .

244 4117 294 4170 LII
312 4117 388 4173 Eud.
403 4135 430 4186 p.
443 4123 490 4172 101
504 4119 570 4186 etp.
582 4123 641 4185 127,
656 4135 710 4186 quo
725 4119 785 4176 loco
800 4123 864 4177 add.
881 4119 911 4175 ἐν
924 4117 1124 4195 Ἀλεξανδρείᾳ,
1134 4134 1214 4189 'quae
1225 4140 1262 4178 ex
1277 4143 1329 4181 suo

172 4197 252 4252 illam
266 4199 407 4253 addidisse
421 4214 478 4251 non
491 4197 594 4266 probat
604 4197 720 4268 Pulclrp.
731 4205 774 4256 82.
789 4203 855 4257 Inde
871 4205 933 4256 orta
947 4201 1048 4255 Suidae
1063 4199 1101 4270 gl.
1118 4201 1329 4274 Φιλαδελφεύς,

174 4276 384 4348 Φιλαδελφέως,
402 4275 464 4340 υίὸς
480 4274 715 4350 Ἆνδροκλείδονς,
734 4299 817 4350 quarn
836 4299 890 4336 om.
906 4287 928 4334 Δ
947 4278 1082 4350 expunxit
1099 4280 1274 4354 Bernhardy

175 4363 208 4411 14
226 4361 276 4413 τοῦ
295 4361 391 4414 Λυδοῦ
411 4360 461 4415 τοῦ
481 4363 588 4412 ABER
606 4363 664 4415 Alo.
684 4361 734 4413 τοῦ
752 4362 849 4415 Λυδοῦ
871 4362 974 4416 Portus
994 4361 1091 4415 Λυδοῦ
1110 4361 1162 4416 τοῦ
1183 4364 1330 4421 Kasterus

173 4437 223 4492 τοῦ
242 4440 337 4508 Ληδοῦ
357 4440 502 4495 τοῦΕιιιλ.
521 4458 547 4509 p.
570 4445 618 4493 101
638 4441 735 4494 Λυδοῦ
754 4441 860 4509 Esar)
883 4441 934 4495 τοῦ
953 4441 1098 4496 Λυδευτοῦ
1119 4441 1196 4497 an
1223 4463 1250 4513 p.
1275 4453 1328 4502 127
