2880 5054
615 296 829 352 HESYOHIUS.
1230 297 1291 359 111

144 457 268 546 λόγους
293 459 440 546 γέγραφε
462 457 527 545 λό’.
572 457 698 544 βιώσας
721 457 758 525 δὲ
783 463 837 543 ἔτη
858 457 890 528 ς’
914 454 997 544 πρὸς
1019 470 1090 536 τοῖς
1112 455 1145 543 ρ’
1170 456 1292 524 ἐτελεύ·

139 550 253 653 τησεν.
301 564 442 654 άδελφολ
466 566 504 634 δὲ
527 563 616 656 αὐτῷ
642 567 796 651 ἐγένοντο
825 570 985 644 Τίσιππος
1008 565 1062 631 καὶ
1082 563 1294 650 Θεόμνηστος

142 675 198 740 καὶ
223 671 415 759 Θεόδωρος,
445 671 647 751 διδάσκαλος
671 671 708 738 δὲ
731 677 887 758 Γοργίας·
912 675 947 739 οἱ
971 671 1008 738 δὲ
1036 676 1152 739 Τισίαν
1176 676 1292 759 φασίν,

144 784 179 849 ol
200 778 238 846 Al
258 777 429 866 Ἐργίνου,
453 783 489 847 οί
510 779 547 846 δὲ
570 779 743 866 Πρόδικον
768 784 942 865 [ἔφασαυ],
967 782 1002 846 οί
1020 778 1060 847 ’δὲ
1083 779 1292 866 Θηραμένην.

147 891 182 956 οί
205 888 243 955 δὲ
266 886 362 973 λόγοι
385 885 490 955 αὐτοῦ
512 894 668 954 πλείστοι.
1308 910 1320 950 ι

234 995 432 1062 OCCOXIV.
467 992 691 1080 Ἰσοκράτης
707 991 851 1080 Ἀμύκλα
873 997 935 1061 τοῦ
958 991 1163 1079 φιλοσόφου,
1180 988 1293 1059 Ἀπολ-

145 1091 271 1180 λωνίας
298 1104 357 1187 τῆς
384 1103 420 1168 ἐν
448 1104 492 1192 τῷ
521 1099 644 1191 Πόντῳ
673 1096 693 1186 ἢ
718 1096 926 1188 Ἡρακλείας,
960 1096 1004 1179 κός
1032 1090 1292 1186 Καλλίστρατος,

144 1208 272 1297 ῥήτωρ,
301 1206 453 1294 μαθητὴς
482 1207 538 1273 καὶ
562 1207 720 1294 διάδοχος
741 1210 802 1273 τοῦ
824 1206 971 1293 μεγάλου
991 1203 1217 1294 Ἰσοκράτους,
1246 1210 1294 1272 δι-

146 1316 292 1395 ακούσας
317 1314 354 1382 δὲ
376 1315 432 1381 καὶ
456 1312 639 1392 Πλάτωνος
662 1317 723 1381 τοῦ
746 1313 945 1400 φιλοσόφου.
992 1304 1090 1392 οὗτος
1113 1312 1151 1380 δὲ
1175 1311 1192 1380 ὁ
1213 1311 1295 1380 Ἰσο-

144 1420 267 1506 κράτης
293 1421 349 1488 καὶ
373 1423 537 1508 Θεοδέκτη
565 1424 612 1512 τῷ
641 1418 757 1507 ῥήτορι
784 1420 1106 1523 καὶιτραγῳδοποιῷ
1134 1414 1189 1487 καί
1213 1428 1292 1487 Θεο-
1308 1446 1334 1485 ιο

148 1526 268 1618 κόμπῳ
295 1531 340 1618 τῷ
365 1533 435 1618 Χίῳ
464 1525 531 1614 ἅμα
558 1530 603 1618 τῷ
630 1524 820 1618 Ἐρυδραίῳ
850 1527 1042 1613 Ναυκράτει
1070 1531 1294 1613 διηγωνίσατο

149 1635 224 1721 περὶ
246 1632 359 1720 λόγων
383 1639 429 1715 είς
451 1633 510 1703 τὸν
535 1633 712 1721 ἐπιτάφιον
736 1633 932 1704 Μαυσώλου
955 1639 1016 1703 τοῦ
1034 1637 1197 1720 βασιλέως
1212 1633 1295 1702 Ἀλι-

124 1745 350 1829 ,καρνασσοιλ
372 1743 427 1810 καί
449 1742 545 1832 λόγοι
562 1741 666 1809 αὐτοῦ
681 1741 722 1808 ε’·
744 1739 1027 1829 Ἀμφικτυονικός,
1048 1741 1295 1831 προτρεπτικός,

147 1850 222 1937 περὶ
241 1852 306 1916 τοῦ·
321 1847 430 1935 τάφον
450 1847 494 1935 μη
513 1852 651 1935 ποιῆσαι
673 1840 838 1940 Φιλίππῳ,
857 1847 1011 1936 περὶτοῦ
1029 1855 1296 1935 μετοικισθῆναι,

146 1955 303 2043 περὶτῆς
326 1956 447 2023 ἑαυτοῦ
470 1960 644 2034 πολιτείας.
1311 1983 1335 2022 15

236 2062 415 2131 OOCCXV.
442 2061 596 2152 Ἴστρος
622 2061 830 2149 Μενάνδρου
854 2060 1035 2151 [Ἰστρον],
1062 2058 1295 2150 Κυρηναίοςῆ

148 2167 332 2254 Μακεδών,
367 2168 592 2256 συγγραφεύς,
626 2168 845 2255 Καλλιμάχου
878 2173 999 2248 δοῦλος
1031 2171 1087 2237 καὶ
1120 2169 1297 2258 γνιόριμος.

141 2273 325 2365 Ἕρμιππος
351 2276 389 2344 δὲ
412 2273 517 2344 αὐτόν
541 2296 624 2363 φησι
648 2276 788 2362 Πάφιον
812 2278 849 2344 ἐν
871 2281 916 2368 τῳ
941 2276 975 2363 β’
999 2280 1068 2344 τῶν
1092 2276 1296 2364 διαπρεψάν-

147 2409 212 2451 των
241 2385 279 2450 ἐν
301 2388 437 2474 παιδεία
461 2382 603 2451 δούλων.
650 2387 773 2472 ἔγραψε
797 2382 834 2450 δὲ
857 2383 962 2452 πολλὰ
986 2384 1042 2452 καί
1065 2376 1303 2471 κατολογάδηυ

146 2489 200 2556 καὶ
222 2493 413 2575 ποιητικάς.
1310 2519 1336 2558 ιο

236 2595 432 2665 0000va
475 2593 736 2683 Ἰφικράτης
768 2596 912 2675 σκυτέως
942 2596 1083 2682 πατρός,
1117 2594 1297 2683 Ἀθηναῖος

218 2773 233 2821 1
253 2763 324 2836 πρὸς
342 2771 402 2828 τοῖς
420 2763 570 2836 ρΙιοοίκαί
587 2764 649 2818 loco
663 2764 785 2820 Macrcb.
797 2771 830 2819 23
850 2782 905 2819 non
924 2767 1055 2820 accurate
1069 2766 1195 2837 inspecto
1213 2767 1296 2822 Gais-
1356 2832 1358 2836 .

147 2847 208 2914 ford
281 2852 297 2900 2
324 2844 496 2908 Τελέσιππος
518 2844 567 2899 καλ
590 2841 766 2913 Διόμνηστος
789 2844 915 2914 Scriplor
938 2843 988 2899 vit.
1008 2844 1033 2897 X
1057 2847 1127 2900 orni.
1152 2864 1178 2916 p.
1199 2854 1295 2916 1413

148 2924 235 2982 Weei.
290 2921 445 2996 4Ἀρχῖνον
463 2925 608 2980 Ruhnken.
628 2925 694 2979 hist.
710 2943 749 2980 or.
764 2945 791 2996 p.
806 2925 882 2978 XLII
936 2921 1131 2995 Πρωταγόραν
1149 2945 1200 2997 pro
1220 2925 1295 3007 Πρό-

132 3007 226 3063 δικον
245 3006 297 3061 alii
314 3007 413 3062 volunt
427 3007 490 3063 coll.
506 3026 531 3062 v.
547 3002 738 3075 Πρωταγόρας
794 3003 920 3075 ἔφασαν,
939 3004 1005 3073 quin
1020 3006 1174 3077 claudicat,
1194 3008 1296 3062 seclusi

218 3085 374 3156 CCCCXIV
392 3087 468 3157 Eud.
488 3105 514 3157 p.
530 3090 582 3139 402
602 3101 674 3152 quae
694 3101 747 3140 om.
764 3081 865 3142 Ἀπολλ.
882 3117 915 3124 -
931 3083 1030 3156 ῥήτωρ.
1059 3087 1195 3143 Tractant
1208 3089 1295 3159 Eleis,

148 3166 205 3223 net.
221 3167 335 3223 Bereds.
350 3168 376 3222 ll
389 3186 416 3237 p.
433 3173 466 3222 68
481 3167 585 3232 ο1418,
604 3165 693 3234 Daub,
714 3165 792 3219 siud.
812 3183 839 3235 p.
854 3169 888 3218 56
944 3172 958 3220 ’ί
978 3169 1062 3221 Καλλ.
1083 3163 1119 3221 sc.
1134 3167 1199 3236 περὶ
1214 3163 1295 3240 Ἡρα-

146 3251 250 3312 κλείας.
290 3247 330 3302 Of.
349 3248 451 3301 Mnller
468 3246 507 3300 IV
526 3265 552 3317 p.
572 3251 624 3300 353
641 3263 713 3315 seq„
737 3242 785 3313 qui
803 3245 857 3298 hoc
875 3245 1063 3314 fragmentum
1086 3248 1217 3317 neglexit.
1255 3250 1295 3304 Of.

146 3347 170 3383 v.
192 3326 344 3394 Φιλόξενος
419 3332 436 3380 8
455 3323 545 3397 ρ’ήτωρ
564 3327 730 3397 Bernhardy
754 3321 768 3379 ό
788 3322 879 3394 ῥήτωρ
898 3329 921 3376 A
939 3327 1011 3395 υκίη.
1084 3323 1210 3391 άκοόσας
1223 3335 1246 3382 V

147 3399 266 3471 9οότος
285 3439 319 3448 -
334 3403 547 3478 Ἁλικαρνασσοῦ
568 3425 622 3462 om.
638 3408 713 3463 Εκά.
788 3411 821 3459 10
840 3399 1051 3479 τραγῳδιοποιῷ
1071 3410 1143 3478 culp.
1162 3412 1237 3465 recte
1255 3416 1278 3463 A
1351 3407 1353 3414 ⁴

149 3487 294 3560 Θεοδέκτῃ
307 3493 417 3542 Am
443 3487 591 3559 Θεοδέκτῳ
615 3490 686 3558 vulp.
786 3494 816 3541 11
842 3481 1008 3555 Ναυκράτει
1026 3481 1192 3561 Bernhardy
1215 3495 1296 3547 Ναν-

148 3564 236 3638 κράτη
255 3573 277 3619 Ε
297 3569 519 3640 Νανκρατίτηῖ
536 3570 608 3638 vulp.
693 3575 725 3624 12
745 3569 795 3623 τοῦ
816 3563 911 3636 Καρός
929 3567 993 3621 αδδ.
1012 3569 1084 3637 vulp.
1100 3587 1154 3625 om.
1173 3575 1276 3624 Annv

153 3654 184 3702 13
203 3643 308 3717 λόγους
325 3645 409 3718 πέντε
428 3647 504 3702 Eue.
575 3643 807 3716 Ἀμφικτνανικός
826 3653 849 3700 A

223 3727 364 3783 CGGOXV
382 3727 458 3783 Eud.
473 3746 500 3798 p.
512 3734 573 3784 400.
593 3727 728 3784 Trectnnt
747 3729 875 3798 Siebelis,
893 3727 959 3782 Ietri
973 3727 1005 3783 fr.
1020 3748 1047 3798 p.
1062 3730 1149 3798 XVII,
1168 3732 1296 3788 Mfillerl

148 3825 174 3876 p.
193 3807 323 3862 LXXXV
416 3815 449 3864 16
473 3803 615 3879 ἣἽστρου
636 3827 698 3863 cum
722 3811 817 3865 Vossio
836 3809 961 3876 δίεόελίσ,
980 3814 1052 3865 Μεν.
1073 3808 1213 3878 ἱστορικοῦ
1234 3831 1297 3868 cum

150 3887 258 3957 Τοκγίο
272 3889 410 3944 Κκοίεναε
423 3893 496 3945 Μεν.
517 3888 644 3958 ίατρικοῦ
660 3889 745 3945 Daub
760 3886 868 3959 Ἴστρου
882 3889 947 3944 libri
962 3894 991 3945 et
1005 3891 1090 3961 Εαδ,
1110 3897 1185 3960 quod
1199 3895 1296 3964 genui-

147 3985 214 4021 num
240 3985 315 4038 esse,
341 3971 390 4025 sed
414 3986 431 4023 a
453 3971 558 4024 lectore
580 3972 626 4024 vel
651 3971 835 4041 grammatico
857 3970 1019 4040 genetivum
1042 3973 1117 4026 vocis
1140 3973 1296 4030 indicaturo

148 4049 322 4120 adscriptum
341 4049 405 4104 coll.
424 4069 449 4106 v.
466 4051 610 4115 Δέξιππος
624 4053 660 4106 cl.
675 4052 818 4122 perspexit
832 4052 999 4106 Θκίειλκιίιλ.
1020 4053 1060 4107 ef.
1076 4054 1161 4107 etiam
1176 4074 1201 4110 v.
1217 4052 1297 4125 Νόμ-

149 4150 210 4199 φις,
228 4125 347 4201 Ἄραρός
365 4130 400 4186 al
490 4125 508 4200 ἢ
528 4135 607 4188 Mau.
628 4149 682 4187 om.
702 4134 777 4188 Εαιί.
871 4137 903 4187 18
922 4131 963 4186 cf.
979 4131 1177 4203 Wachsmnlh‚
1202 4135 1295 4204 Symb.

149 4227 175 4280 p.
191 4216 243 4264 140
258 4226 315 4278 neq.
372 4210 423 4282 βίῳ
441 4225 492 4279 pro
511 4207 541 4280 β’
556 4215 591 4280 Δ,
611 4213 686 4280 quod
705 4229 874 4282 quamquem
892 4214 1020 4268 laudavit
1034 4214 1183 4282 Kceterue,
1202 4219 1297 4271 tamen

150 4289 258 4345 librarii
276 4288 365 4345 errori
382 4289 499 4345 debetur

219 4369 375 4427 ccchVI
394 4387 448 4427 om.
460 4367 602 4429 Πασίωνα.
619 4373 695 4429 Eud.
710 4392 736 4444 p.
751 4379 813 4429 402.
838 4375 877 4430 Cf.
892 4375 1038 4430 Ruhnken.
1054 4375 1119 4430 hist.
1131 4393 1169 4431 or.
1184 4395 1210 4447 p.
1222 4376 1298 4432 LVII

150 4468 207 4522 neq.
263 4457 296 4507 21
316 4450 412 4506 δοκόν
428 4448 491 4526 υίὸς
509 4450 583 4509 εἶναι
601 4452 775 4526 σκυτοτόμου
793 4455 936 4511 Plutarch.
955 4456 1097 4527 Apophth.
1113 4475 1139 4527 p.
1154 4463 1205 4514 186
1220 4458 1298 4528 (VIII
