2910 5056
646 307 859 366 HESYCHIUS.
1258 307 1325 372 205

183 470 344 540 Φαίδωνά
379 476 439 556 [τε]
461 471 593 540 Ἠλείου
619 473 673 540 καὶ
705 469 810 541 αὐτὸν
838 476 929 540 ἰδίαν
956 469 1167 558 συστήσαντα
1191 469 1326 558 σχολήν,

179 579 243 667 τήν
263 577 438 667 Ἠλειακήν
467 577 523 646 ἀπ’
550 576 655 647 αὐτοῦ
682 588 866 666 κληθεῖσαν
898 577 1053 666 (ὕστερον
1077 577 1114 646 δὲ
1137 575 1219 664 αὐτη
1241 574 1327 665 Ἐρε-

179 685 296 774 τριακή
335 685 476 773 ἐκλήθη,
515 686 722 773 Μενεδήμου
758 691 804 766 εἰς
837 684 1008 773 Ἐρέτριαν
1047 684 1255 766 διδάξαντος·
1293 686 1329 751 ἐκ

179 793 303 869 τούτου
332 793 368 861 δὲ
396 798 457 862 τού
486 795 691 862 διδασκάλου
718 795 773 861 καί
803 791 820 860 ὁ
850 793 999 882 Πύρρων
1026 791 1196 881 γέγονεν)·
1225 790 1326 859 Ἀντι-

182 902 322 987 σθίνην,
347 896 384 979 δς
404 899 466 987 τὴν
485 899 627 988 κυνικὴν
646 900 822 987 εἰσήγαγεν
842 903 984 986 αἵρεσιν·
1008 896 1197 985 Εὐκλείδην
1215 906 1356 984 Mera-s

181 1010 240 1094 ρέα
267 1008 323 1074 καί
352 1004 456 1074 αὐτὸν
485 1011 576 1075 ἰδίαν
603 1006 857 1094 συστησάμενον
881 1008 1020 1093 σχολήν,
1049 1004 1120 1092 ήτις
1143 1004 1197 1073 ἀπ’
1224 1001 1328 1073 αὐτοῦ

181 1114 307 1201 ἐκλήθη
336 1113 529 1202 Μεγαρική,
562 1113 625 1182 άπὸ
662 1115 699 1182 δὲ
726 1113 960 1200 Κλεινομάχου
989 1117 1049 1181 τού
1076 1117 1233 1200 μαθητοῦ
1262 1109 1329 1179 Εὐ.

181 1224 316 1288 κλείδου
345 1221 469 1307 ἐκλήθη
500 1220 700 1307 διαλεκτική·
733 1223 937 1306 Ξενοφῶντα
965 1219 1134 1304 Γρύλλου,
1164 1222 1329 1305 Αἰσχίνην

182 1332 358 1394 Λυσανίου
381 1326 565 1414 Σφήττιον,
593 1330 726 1418 Κέβητα
750 1333 910 1414 Θηβαίου,
935 1325 1119 1395 Γλαύκωνα
1135 1324 1335 1411 Ἀθηναῖον,

182 1431 349 1519 Βρύσωνα
377 1432 625 1521 Ἡρακλεώτην,
658 1431 695 1513 ὃς
725 1434 787 1521 τήν
819 1432 988 1521 ε’ριστικήν
1022 1429 1230 1518 διαλεκτικήν
1264 1435 1328 1498 εἰσ·
1344 1462 1369 1499 10

180 1540 389 1626 ήηανεμετὰ
412 1538 601 1608 Εὐκλείδου
625 1539 762 1630 (ηὔξησε
787 1541 824 1608 δὲ
848 1540 1093 1628 Κλεινόμαχος,
1117 1540 1329 1617 καὶςπολλῶν

181 1641 225 1710 δι’
260 1643 362 1732 αὐτῆς
391 1646 563 1716 ἐλθόντων
592 1649 707 1733 ἔληξεν
734 1654 781 1728 εἰς
809 1647 952 1736 Ζήνωνα
982 1645 1043 1715 τὸν
1073 1649 1203 1715 Κιτιέα·
1232 1638 1330 1725 οὗτος

181 1749 244 1836 γάρ
268 1748 326 1819 άπ’
353 1750 457 1821 αὐτοῦ
483 1751 638 1840 Στωικήν
664 1757 700 1821 ἐκ
722 1739 782 1821 τού
805 1754 911 1823 τόπου
934 1752 995 1841 τήν
1019 1752 1143 1840 σχολήν
1166 1751 1329 1840 ὠνόμασε,

180 1857 328 1944 γεγονὼς
359 1860 412 1927 ἐπὶ
443 1864 501 1947 τῆς
533 1859 603 1949 ρκε’
637 1858 856 1947 ὀλυμπιάδος·
893 1860 980 1940 τινὲς
1013 1860 1050 1928 δὲ
1088 1860 1254 1949 Βρύσωνα
1288 1858 1329 1927 οὐ

183 1965 387 2054 Σωκράτους
413 1963 486 2034 ἄλλ’
516 1965 704 2039 Εὐκλείδου
732 1965 899 2055 άκροατήν
927 1966 1109 2053 γράφουσι·
1136 1966 1263 2052 τούτου
1292 1965 1329 2033 δὲ
1345 1994 1370 2032 ιι

182 2073 237 2140 καὶ
271 2071 421 2160 Πύρρων
456 2069 666 2167 ήκροάσατο,
694 2071 753 2159 ὐφ’
789 2065 890 2162 οὗπερ
925 2077 960 2140 oi
984 2071 1198 2162 Πυρρώνειοι
1229 2091 1330 2158 προσ·

181 2181 448 2269 αγορενόμενοι)·
466 2178 693 2267 Ἀλκιβιάδην,
716 2179 963 2268 Κριτόβουλον,
983 2179 1199 2269 Ξενομήδην,
1217 2176 1329 2247 Ἀπολ-

180 2286 335 2374 λόδωρον
357 2284 571 2373 Ἀθηναίους,
601 2293 647 2353 ἔτι
673 2287 710 2354 δὲ
734 2292 892 2373 Κρίτωνα
923 2287 977 2354 καί
1001 2293 1160 2374 Σίμωνα,
1189 2281 1329 2375 Εὐμάρη

184 2392 361 2477 Φλιάσιον,
382 2399 530 2480 Σιμμίαν
549 2398 711 2479 Θηβαῖον,
730 2400 906 2478 Τερψίωνα
929 2393 1133 2481 Μεγαρικόν,
1155 2392 1330 2480 [Εὐηνον],

180 2503 412 2586 Χαιρεφῶντα.
462 2501 518 2568 καὶ
544 2499 723 2588 Θεόδωρος
756 2500 793 2568 δὲ
826 2498 843 2567 ὁ
879 2501 1067 2586 ἐπικληθεὶς
1095 2499 1197 2579 άθεος
1224 2484 1369 2569 αὐτοῦ’νο

186 2605 382 2693 διήκουσεν,
411 2603 617 2695 ἀδιαφορίαν
648 2606 685 2674 δὲ
714 2606 861 2688 δοξάζων
889 2609 944 2675 καί
969 2607 1177 2696 παραδιδοὺς
1200 2610 1329 2691 αἵρεσιν

182 2716 274 2780 ἰδίαν
300 2704 409 2801 εὗρεν,
432 2712 504 2800 ήτις
518 2712 724 2799 Θεοδώρειος
743 2712 877 2800 ε’κλήθη.
905 2719 1008 2781 ταῦτα
1027 2714 1102 2802 περὶ
1119 2713 1329 2800 Σωκράτους.

270 2821 457 2888 DGOLVII.
491 2819 707 2907 Σώπατρος
732 2818 895 2907 Ἀπαμεύς
922 2818 1084 2907 σοφιστής
1111 2822 1165 2888 καὶ
1194 2819 1330 2906 φιλόσο-

185 2952 257 3011 φος,
277 2925 430 3014 μαθητής
447 2926 647 3014 Ἰαμβλίχου,
669 2923 710 2994 δν
730 2925 747 2994 ὃ
769 2935 901 3014 Καίσαρ
921 2935 1180 3008 Κωνσταντίνος
1198 2925 1331 2996 άνείλεν

187 3037 232 3112 εἰς
253 3040 367 3101 πίστιν
389 3038 449 3102 τοῦ
473 3032 517 3121 μή
543 3035 724 3119 ἑλληνίζειν
747 3040 794 3102 ἔτι
818 3033 857 3101 τά
879 3033 960 3102 κατά
980 3041 1178 3122 θρησκείαν·
1203 3027 1245 3122 ἦν
1265 3033 1369 3123 γάρτι

185 3134 272 3231 αὐτῷ
311 3139 464 3227 συνήθης
495 3139 668 3227 πρότερον.
724 3146 846 3229 ἔγραψε
878 3143 953 3227 περὶ
985 3146 1145 3227 προνοίας
1176 3144 1231 3208 καί
1263 3144 1330 3208 τῶν

191 3245 275 3333 παρὰ
300 3243 363 3333 τήν
386 3244 483 3327 άξίαν
506 3245 767 3333 εὐπρανούντων
790 3242 810 3334 ἢ
835 3248 1131 3334 δυσπραγούντων.

272 3352 476 3420 DCGLVIII.
518 3353 739 3441 Σώπατρος
762 3351 923 3439 Ἀπαμεύς
951 3354 1124 3439 σοφιστής,
1153 3351 1174 3441 ή
1202 3357 1330 3439 μᾶλλον

179 3452 427 3547 ’Λλεξανδρεύς
465 3458 621 3546 ἐπιτομδις
643 3465 815 3527 πλείστων.
857 3459 944 3547 τινὲς
967 3459 1004 3527 δὲ
1026 3460 1082 3527 καί
1105 3458 1166 3546 τήν
1189 3457 1331 3546 ἐκλογήν

177 3567 253 3632 τῶν
277 3569 435 3652 ίστοριῶν
458 3565 582 3634 τούτου
605 3564 696 3633 εἶναί
715 3585 807 3652 φασι.
1343 3594 1369 3631 3ο

272 3673 441 3740 DOOLIX.
483 3671 698 3758 Σώπατρος
725 3670 877 3758 κωμικός.
922 3677 990 3741 τάν
1021 3672 1201 3761 δραμάτων
1224 3670 1330 3740 αὐτοῦ

257 3840 270 3887 1
289 3852 319 3887 τε
340 3837 433 3889 οω.Δ
487 3838 504 3886 4
523 3833 721 3886 διδασκαλείου
740 3833 863 3901 praefert
882 3833 1019 3888 Westerm.
1075 3837 1251 3888 9Λυοανίαν
1265 3831 1330 3886 libri

134 3910 138 3915 '
159 3912 451 3967 commissimus.
526 3918 559 3965 18
579 3907 697 3980 Εύμαρή
712 3913 783 3982 vulp.
805 3929 873 3967 corr.
888 3913 990 3968 Βανιίι.
1066 3920 1098 3968 19
1118 3911 1299 3966 Φιλιάσιονν

157 3980 300 4059 Εὔήνον
320 4009 374 4048 om.
394 3998 472 4047 nv
491 3992 545 4046 del.
560 3993 726 4062 Bernhardy

256 4073 402 4128 DOOLVII
418 4092 471 4129 om.
483 4073 620 4127 Westerm.
635 4072 711 4126 Εκιί.
719 4090 745 4140 p.
755 4075 814 4125 641.
830 4070 870 4124 cf.
881 4070 989 4141 Eunap.
999 4073 1011 4125 Ι
1020 4078 1086 4142 p.21
1094 4089 1149 4137 seq.
1161 4067 1290 4124 Valesius
1301 4065 1330 4119 in

152 4141 294 4207 SOzom.
306 4154 378 4209 Hist.
392 4154 459 4208 eccl.
470 4153 491 4221 I,
503 4159 518 4206 5
565 4158 599 4205 24
608 4148 670 4213 υίός
680 4168 729 4219 pro
740 4156 840 4221 μαθΕ
884 4158 917 4205 26
928 4149 962 4206 τά
974 4154 1036 4206 add.
1046 4157 1097 4204 Η
1107 4168 1160 4205 om.
1170 4151 1241 4218 νκίη.
1253 4150 1329 4203 Eud.

258 4232 416 4290 DOGLVIII
434 4234 510 4288 Εκιί.
530 4234 548 4287 l.
567 4248 589 4287 ο.
663 4237 697 4285 28
717 4224 734 4298 ἢ
755 4264 787 4270 -
805 4227 883 4299 Ἀλεξ,
903 4251 956 4288 om.
974 4232 1048 4286 Εαιλ.
1120 4237 1154 4285 29
1175 4226 1329 4299 ἰκλοηὴνν

150 4313 258 4366 ⁰⁰rr.
272 4313 408 4369 Κκείινκε
422 4309 552 4383 ἐκλοηίαν
569 4314 641 4381 vulp.
657 4312 733 4366 Eud.
748 4307 882 4381 ἒιιλοηιῶν
896 4318 917 4365 B
932 4329 1006 4366 man.
1021 4312 1041 4364 I.
1064 4309 1193 4364 Ceterum
1208 4311 1242 4363 de
1257 4310 1329 4364 eclo-

147 4381 211 4445 858
244 4393 306 4462 agi,
326 4412 396 4464 quae
417 4392 588 4462 decerpserit
606 4392 722 4445 Photius
741 4390 808 4444 bibl.
828 4409 855 4460 p.
873 4399 922 4446 103
938 4410 1004 4460 seq„
1023 4390 1095 4443 vidit
1112 4390 1250 4444 Κιαίινκε

261 4471 388 4528 DCOLIX
407 4473 482 4528 Ειιιλ.
502 4493 529 4544 p.
546 4479 605 4527 645.
643 4469 684 4524 De
704 4471 764 4525 viia
782 4469 843 4540 egit
860 4472 956 4538 Daub,
973 4473 1008 4525 de
1028 4470 1103 4524 Suid.
1124 4488 1151 4539 p.
1167 4476 1219 4524 484
