2880 5054
1033 136 1116 311 X

183 466 315 554 φύσεως
341 471 409 534 τῶν
438 464 548 534 ὅντων
575 471 689 553 βιβλία
716 467 749 554 γ’
772 467 842 556 (καὶ
871 473 963 535 έστιν
991 473 1050 554 ἔπη
1080 464 1126 548 ὥς
1155 468 1322 559 δισχίλια),

184 572 314 661 ίατρικδι
337 573 569 661 καταλογάδην
593 575 649 641 καὶ
673 573 756 642 άλλα
779 575 895 643 πολλά.

273 682 441 749 COXLVI.
475 679 780 768 Ἐμπεδοκλῆς
807 685 1034 768 θυγατριδοῦς
1060 687 1123 751 τοῦ
1152 685 1321 772 προτέρου,

182 787 344 875 τραγικός.
389 791 572 878 τραγῳδίαι
596 786 700 856 αὐτοῦ
723 793 765 856 κδ
773 788 790 856 ’.

157 914 169 953 ⁵
273 895 458 963 OOXLVII.
492 892 784 982 Ἐμπεδότιμος.
822 887 919 975 οὗτος
942 900 1065 982 ἔγραψε
1087 897 1164 983 περὶ
1188 902 1322 985 φυσικῆς

183 998 380 1086 ἀκροάσεως.
429 1002 516 1086 [περὶ
545 993 585 1069 οὗ
615 1003 700 1088 λέγει
730 1000 747 1070 ὁ
776 1002 968 1090 παραβάτης
996 1005 1033 1071 έν
1056 1016 1127 1083 τοῖς
1149 1004 1319 1092 ἐπιγραφο-

182 1109 295 1194 μένοις
314 1113 476 1197 Κρονίοις
487 1103 607 1194 “ήμείς
626 1107 663 1175 δὲ
679 1106 903 1199 Ἐμπεδοτίμφ
922 1111 977 1177 καὶ
992 1109 1187 1201 Πυθαγόρᾳ
1203 1111 1321 1180 πιστεέν

184 1240 294 1300 οντες,
324 1209 373 1294 οἷς
404 1241 439 1281 τε
469 1215 599 1280 ἐκεῖθεν
627 1212 739 1301 λαβὼν
763 1211 979 1301 Ἡρακλείδης
1011 1212 1029 1282 ὁ
1054 1216 1225 1297 Ποντικὸς
1255 1224 1330 1306 ἔφη,

183 306 227 370 64
640 304 853 362 HESYHCIUS.

182 1323 237 1388 καὶ
265 1325 370 1413 μικρῷ
399 1319 563 1407 πρότερον
590 1321 646 1387 καὶ
675 1316 693 1387 ὁ
721 1321 851 1401 κλεινὸς
873 1319 955 1409 ήμίν
979 1323 1103 1403 ἔδειξεν
1128 1324 1320 1412 ἱεροφάντης

145 1425 409 1515 ιοΊάμβλιχος.”]
646 1503 656 1519 f

272 1534 471 1601 CCXLVIII.
505 1530 542 1601 Ἐ
549 1557 573 1600 π
583 1561 604 1600 α
614 1560 640 1620 φ
651 1561 670 1620 ρ
682 1533 700 1602 ό
711 1538 731 1602 δ
741 1561 780 1602 ιτ
791 1561 809 1602 o
821 1562 837 1614 ς
867 1534 1060 1624 Χαιρωνείας
1089 1541 1317 1627 γραμματικός,

178 1639 393 1728 Ἀρχκβί>ου
415 1643 476 1708 τοῦ
496 1637 735 1728 Ἀλεξανδρέως
758 1647 987 1730 γραμματικοῦ
1009 1646 1171 1734 θρεπτός,
1200 1646 1275 1735 παρ’
1297 1638 1318 1741 β

180 1749 375 1827 παιδευθεὶς
393 1746 511 1835 ὠνήθη
526 1745 590 1815 ὑπὸ
609 1751 799 1836 Μοδέστον,
818 1749 965 1838 ἐπάρχου
980 1751 1166 1841 Αἰγύπτου,
1184 1757 1239 1823 καὶ
1253 1778 1317 1823 παι-

182 1854 303 1935 δεύσας
332 1854 393 1923 τὸν
422 1853 499 1924 υίόν
528 1853 633 1923 αὐτοῦ
656 1864 846 1942 Πετηλῖνον
874 1859 910 1925 ἐν
929 1854 1037 1948 Ῥιόμη
1067 1862 1247 1946 διέπρεψεν
1274 1860 1317 1929 ἐπὶ

142 1984 167 2023 15
183 1965 344 2048 Νέρωνος
365 1964 421 2030 καὶ
445 1964 539 2050 μέχρι
563 1965 695 2049 Νέρβα,
720 1961 799 2030 καθ’
827 1959 867 2031 δν
891 1964 1016 2051 χρόνον
1039 1968 1095 2035 καὶ
1119 1976 1317 2056 Πτολεμαῖος

181 2066 455 2155 ὁἩφαιστίωνος
468 2060 511 2154 ήν
525 2069 580 2137 καὶ
594 2067 688 2137 άλλοι
704 2071 822 2158 συχνοὶ
836 2075 904 2139 τῶν
920 2069 1117 2159 ὀνομαστῶν
1133 2076 1172 2142 έν
1187 2079 1315 2164 παιδεία

182 2173 373 2263 ὠνούμενος
392 2175 428 2243 δὲ
447 2172 500 2243 αἰεὶ
519 2181 634 2261 βιβλία
653 2175 810 2263 ἐκτήσατο
830 2178 996 2263 μυριάδας
1009 2193 1108 2269 τρεῖς,
1129 2182 1186 2249 καὶ
1200 2180 1316 2250 τούτων

182 2285 376 2350 σπουδαίων
405 2283 461 2350 καὶ
491 2279 803 2370 ἀνακεχωρηκότων
848 2282 886 2352 τὸ
916 2286 952 2353 δὲ
981 2290 1075 2374 σῶμα
1106 2278 1148 2375 ήν
1173 2289 1271 2375 μέγας
1288 2311 1315 2353 τε

180 2389 235 2456 καὶ
266 2391 367 2476 μέλας
398 2387 442 2470 ως
474 2388 713 2479 έλεφαντάδης.
767 2388 845 2483 ήίκει
876 2419 911 2460 τε
945 2395 982 2460 ἐν
1011 2407 1081 2475 τοῖς
1110 2397 1315 2483 καλουμένοις

141 2519 167 2558 ιο
184 2503 493 2585 Φαινιανοκορίοις,
525 2495 587 2564 δύο
618 2501 724 2577 οίκίας
751 2495 874 2566 αὐτόθι
902 2499 1115 2588 κτησάμενος.
1163 2501 1191 2570 o'
1215 2501 1251 2571 (ll
1270 2499 1314 2568 καὶ

252 2770 268 2818 2
289 2767 359 2838 βιβλ.
378 2760 443 2835 τρία
461 2769 533 2838 σκίγ.
554 2770 623 2841 βιβλ.
644 2761 695 2819 δύο
715 2770 790 2818 BEV

252 2843 384 2899 CCXLVI
403 2864 456 2901 om.
476 2853 507 2900 Δ.
545 2847 585 2903 cf.
600 2845 740 2913 Weloker‚
760 2846 806 2901 Gr.
825 2847 895 2916 trag.
916 2867 943 2917 p.
966 2854 1034 2902 1228

253 2924 399 2979 CCXLVII
419 2944 470 2982 om.
486 2933 516 2982 Δ.
536 2927 575 2983 uf.
588 2929 661 2982 Eud.
677 2945 702 2995 p.
714 2933 774 2992 299,
793 2944 866 2995 quae
880 2927 944 2983 add.
959 2926 1116 2999 φιλόσοφος
1179 2939 1195 2987 6
1213 2916 1310 2999 maloi

182 3024 239 3074 seq.
259 3022 292 3058 ex
311 3006 404 3075 glossa
419 3002 571 3079 Ἰουλιανός
590 3008 635 3076 (of.
655 3007 698 3061 ad.
712 3006 836 3062 Hertlen.
856 3026 882 3077 p.
900 3011 962 3078 609)
981 3011 1104 3079 repetita
1121 3010 1260 3082 Hesychio
1275 3008 1313 3065 ol>

182 3085 332 3139 iudicanda
350 3101 410 3140 esse
430 3087 543 3156 exposui
561 3086 631 3140 Mus.
652 3086 740 3139 Rhen.
760 3084 862 3140 XXXV
881 3105 908 3156 p.
928 3093 992 3155 2103
1016 3089 1136 3146 fortasse
1155 3094 1218 3147 tola
1233 3090 1314 3161 glum

181 3166 373 3236 expungenda.
404 3167 472 3220 Rem
488 3167 587 3235 ipsam,
607 3168 641 3221 de
656 3183 712 3234 qua
727 3165 832 3235 agitur,
852 3168 1010 3240 enucleavit
1024 3170 1135 3240 aulide,
1154 3172 1225 3227 Mus.
1238 3170 1312 3223 Rhon.

181 3247 284 3300 XXXII
303 3267 329 3316 p.
350 3254 399 3302 331
420 3251 477 3303 not.
499 3257 522 3315 1,
547 3247 595 3317 qui
614 3246 700 3302 verba
718 3245 814 3299 orbem
837 3247 959 3302 lacteum
982 3253 1110 3318 spectaro
1132 3250 1206 3306 vidit
1271 3242 1312 3305 Oi

180 3323 274 3399 λαβὼν
289 3323 400 3396 Ἡρακλ.
417 3325 482 3380 libri
497 3326 599 3380 Suidae
614 3328 643 3379 ei
659 3325 756 3380 Eua*
817 3333 833 3381 9
854 3326 933 3395 ἔδοξε
949 3328 999 3383 καλ
1016 3331 1090 3399 vulp.
1111 3328 1192 3399 ἔδοξε
1211 3348 1262 3386 om.
1274 3324 1312 3383 καλ

180 3407 255 3464 aaa.
276 3406 366 3474 ἔδειξε
386 3407 434 3461 καλ
454 3423 488 3461 ex
506 3424 562 3461 uno
580 3408 642 3461 Par.
661 3407 799 3462 Kasteras
823 3407 870 3461 καλ
897 3409 1045 3464 delendum
1064 3426 1126 3466 esso
1149 3410 1222 3467 vidit
1237 3410 1312 3465 Βιπν

180 3487 282 3556 λανιλγς
302 3487 377 3541 idem
397 3483 567 3555 ἱεροφάντης
585 3503 636 3555 pro
654 3486 729 3555 vulg.
750 3482 927 3557 ίεροφάντωρ
946 3489 1066 3543 correxit

252 3566 410 3621 CCXLVIII
428 3566 503 3621 Ειιιλ.
516 3585 543 3635 p.
559 3572 619 3619 292.
643 3566 683 3621 ef.
699 3566 789 3635 Daub,
805 3567 883 3621 Slud.
897 3586 924 3637 p.
938 3573 987 3624 106
1055 3574 1087 3621 12
1104 3563 1240 3641 ’λρχιβίοιι
1256 3584 1312 3625 oorr.

181 3646 347 3716 Bernhardy
361 3645 490 3700 laudatus
506 3646 543 3699 W
542 3648 688 3700 achamoth.
705 3647 798 3715 Symb.
815 3664 841 3716 p.
859 3653 906 3701 141
926 3643 1030 3716 Ἀρχιόν
1043 3647 1111 3703 libri
1125 3648 1229 3705 Suidao
1241 3648 1312 3715 Eua

182 3726 257 3795 quod
271 3726 369 3780 laudat
382 3727 467 3780 Daab
524 3732 555 3779 13
570 3723 694 3794 θρεπτὸς
710 3723 755 3781 aa
771 3727 905 3792 Νέρωνος
915 3728 1000 3794 aaa,
1015 3745 1087 3797 quae
1102 3730 1311 3799 sequentum,

182 3827 203 3860 ε.
213 3807 258 3860 fin.
269 3823 388 3875 pergens
405 3804 510 3875 έγραιμε
526 3805 590 3873 περὶ
606 3808 798 3876 γραμματικῆς
813 3803 945 3861 κάλλιστα
955 3807 1003 3861 καὶ
1018 3806 1059 3870 εἰς
1066 3802 1192 3879 Ὅμηρον
1202 3808 1311 3865 aalma·

181 3889 269 3951 δαρον
285 3882 424 3955 ἐξήγησιν,
439 3902 509 3953 quae
523 3887 610 3940 verba
619 3886 771 3941 Eudooiam
786 3887 874 3955 ipsam
888 3887 1038 3956 addidiss'e‚
1053 3906 1118 3942 oum
1132 3887 1233 3943 horum
1241 3888 1313 3943 libro·

180 3986 240 4020 rum
256 3967 419 4021 memoriam
436 3983 453 4018 a
471 3966 630 4035 cognifione
650 3966 819 4022 scholiorum
837 3966 1049 4021 Homerioorum
1068 3969 1098 4022 et
1116 3966 1312 4023 Pindarioorum

180 4049 333 4117 repeteret,
352 4063 407 4100 non
421 4045 552 4114 probavit
561 4046 654 4100 Daab.
671 4049 822 4114 Πιτηλῖνον
836 4049 908 4116 νιιλγ.
920 4048 1076 4114 Πετηλῖνον
1089 4052 1168 4100 nv
1222 4052 1254 4101 14
1266 4042 1312 4099 διί·

181 4140 280 4197 τριηεν
299 4128 370 4183 coni.
391 4127 528 4182 Westerm.
603 4124 649 4181 ἐπὶ
671 4127 815 4195 Νέρωνοςι
840 4127 905 4180 hino
928 4126 1123 4196 corrigendum
1147 4126 1242 4196 Steplu
1258 4124 1311 4191 Byz

181 4214 297 4276 p.170,'l
313 4201 705 4276 ΒνθίνιονψἘπαφροδίτον
719 4209 769 4263 τοῦ
780 4205 914 4277 Νέρωνος
926 4200 965 4260 ὃν
976 4201 1161 4277 ἐξελεύθερος
1170 4208 1199 4263 in
1207 4204 1312 4273 Ἐπαφρ.

183 4283 237 4340 lul
256 4289 305 4342 τοῦ
324 4285 459 4356 Νέρωνος
478 4281 517 4338 cliv
537 4282 574 4351 ἐξ.
594 4288 733 4355 persuasit
751 4289 857 4356 Rolule,
880 4286 951 4341 Mus.
971 4286 1060 4342 Rhan.
1079 4287 1197 4342 XXXIV
1214 4306 1239 4359 p.
1257 4290 1314 4355 5105

181 4366 257 4420 idem
275 4370 309 4422 de
327 4368 417 4421 lexico
436 4362 509 4420 κατὰ
530 4373 666 4434 στοιχεῖον
682 4366 804 4437 Epaphr.
825 4365 982 4436 disputavit
1000 4366 1030 4420 in
1050 4366 1149 4422 libello
1168 4366 1202 4421 do
1220 4364 1311 4421 Pollua

182 4447 250 4504 font.
265 4467 292 4518 p.
309 4455 341 4501 14
355 4450 412 4504 not.
470 4452 502 4500 19
521 4441 589 4518 ιβκει
607 4445 638 4502 δέ
658 4450 729 4520 vulp.
745 4444 812 4523 ᾤκει
831 4467 860 4503 τε
873 4452 925 4500 ‘AV
944 4448 1020 4502 reato
1034 4447 1148 4519 empsit
1159 4444 1311 4515 Bormam
