2880 5054
531 312 746 370 HESYCHIUS.
1162 311 1204 376 75

58 472 124 562 κὴν
148 479 295 562 ἔκδοσιν,
315 480 346 543 εί
367 473 411 563 μη
435 473 500 564 άρα
524 474 639 559 ἑτέρου
663 476 741 543 έστί.
787 472 937 562 δράματα
961 471 1065 544 αὐτοῦ
1089 476 1205 543 ταῦτα·

53 569 222 670 Ὀρέστης,
246 582 397 670 Μήδεια,
420 582 605 669 Πολυξένη.

150 690 414 757 CCLXXXVHI.
450 687 672 777 Εὐριπίδης
690 686 901 775 Μνησάρχου
919 683 939 775 ἢ
960 692 1206 774 Μνησαρχίδου

57 797 117 864 καὶ
140 799 313 880 Κλειτούς,
338 801 373 863 οἳ
393 795 576 882 φεύγοντες
598 799 646 874 είς
663 800 830 863 Βοιωτίαν
853 793 1056 884 μετῴκησαν,
1080 792 1149 863 εἶτα
1169 796 1205 863 ἐν

60 906 101 992 τῇ
115 900 251 990 Ἀττικῇ.
279 900 341 970 ούκ
360 899 485 988 άληθὲς
503 900 540 970 δὲ
559 897 603 980 ὡς
621 900 850 988 λαχανόπωλις
867 893 911 987 ἦν
929 899 949 988 η
965 901 1071 990 μήτηρ
1086 898 1233 970 otinas

57 1011 117 1078 καὶ
148 1007 213 1097 γάρ
245 1011 313 1078 τεόν
347 1009 480 1098 σφόδρα
512 1007 659 1095 εὐγενῶν
690 1006 884 1095 ἐτύγχανεν,
918 1005 962 1087 ὡς
989 1005 1207 1076 ἀποδείκνυσι

62 1114 259 1203 Φιλόχορος.
306 1117 357 1199 [έν
381 1114 419 1182 δὲ
441 1118 481 1204 τῇ
505 1113 656 1201 διαβάσει
675 1115 801 1202 Ξέρξου
824 1116 1040 1203 έκνοφορεῖτο
1063 1112 1128 1182 ὑπὸ
1149 1118 1208 1201 τῆς

59 1221 196 1312 μητρός,
219 1222 285 1311 καὶ4
298 1221 416 1308 ἐτέχθη
439 1220 518 1290 καθ’
544 1218 587 1308 ἣν
610 1219 738 1309 ἡμέραν
749 1220 907 1309 Ἕλληνες
931 1222 1110 1308 ἐτρέψαντο
1129 1218 1208 1300 τούς

59 1332 204 1415 Πέρσας.
242 1328 358 1414 γέγονε
383 1326 482 1396 δὲτὰ
505 1332 617 1416 πρῶτα
642 1327 824 1417 ζωγράφος,
848 1326 918 1397 εἶτα
941 1326 1093 1416 μαθητὴς
1117 1336 1207 1411 Προ-

60 1441 161 1505 δίκον
184 1434 244 1522 μὲν
268 1436 305 1502 έν
327 1447 398 1515 τοῖς
421 1437 619 1523 ῥητορικοῖς,
643 1434 846 1523 Σωκράτους
869 1435 906 1503 δὲ
930 1438 966 1504 έν
985 1449 1055 1514 τοῖς
1073 1432 1205 1521 ἠθικοῖς
1222 1460 1247 1500 ιο

59 1541 117 1610 καὶ
151 1539 362 1627 φιλοσόφοις.
412 1540 570 1627 διήκουσε
600 1542 637 1609 δὲ
663 1542 719 1610 καὶ
744 1540 970 1630 Ἀναξαγόρου
995 1545 1057 1609 τού
1084 1547 1176 1623 Κλαζ
1196 1580 1209 1592 -

59 1653 190 1736 μενίου.
223 1647 275 1714 ἐπὶ
293 1651 483 1738 τραγῳδίαν
508 1647 545 1716 δὲ
564 1647 687 1735 ἐτράπη
706 1647 766 1717 τὸν
781 1645 1005 1735 Ἀναξαγόραν
1025 1647 1109 1718 ίδιδν
1128 1645 1209 1716 ύπο-

60 1757 187 1825 στάντα
213 1753 396 1834 κινδύνους
424 1751 469 1822 δι’
495 1752 577 1844 άπερ
606 1758 715 1843 είσῆξε
744 1755 900 1843 δόγματα.
943 1755 1144 1844 σκυθρωπὸς
1172 1755 1209 1824 δὲ

59 1854 104 1950 ἦν
132 1859 171 1931 τὸ
199 1852 286 1948 ἦθος
312 1860 368 1929 καλ
395 1858 534 1948 άμειδης
560 1863 615 1930 καὶ
644 1862 780 1949 φεύγων
807 1860 866 1942 τάς
895 1867 1091 1947 συνουσίας,
1124 1860 1209 1930 ὅθεν

58 1969 117 2038 καλ
144 1967 329 2056 μισογύνης
356 1967 533 2055 ἐδοξάσθη.
579 1974 678 2057 ἔγημε
707 1969 744 2038 δὲ
772 1966 861 2056 ὅμως
889 1968 1023 2058 πριότην
1047 1968 1108 2056 μλν
1132 1976 1209 2036 Χοι·
1225 1998 1249 2037 15

61 2081 164 2163 ρίνην
196 2075 366 2164 θυγατέρα
399 2075 635 2163 Μνησιλόχου,
669 2077 701 2158 ἐξ
733 2067 773 2163 ἧς
805 2081 878 2162 ἔσχε
907 2081 1125 2163 Μνησίλοχον
1154 2078 1210 2143 καλ

60 2185 311 2271 Μνησαρχίδην
337 2182 393 2250 καὶ
426 2181 632 2271 Εὐριπίδην,
660 2180 879 2271 ἀπωσάμενος
911 2182 948 2251 δὲ
979 2181 1103 2270 ταύτην
1137 2187 1210 2269 ἔσχε
1300 2212 1303 2217 ·

58 2291 117 2360 καὶ
141 2290 311 2379 δευτέραν,
334 2289 389 2357 καὶ
412 2288 533 2375 ταύτης
557 2287 680 2378 ὁμοίως
703 2287 891 2359 άκολάστου
909 2295 1090 2379 πειραθείς.
1127 2286 1208 2357 άπά-

61 2425 125 2487 ρας
153 2397 191 2465 δὲ
221 2393 277 2464 ἀπ’
300 2394 456 2483 Ἀθηνῶν
483 2388 569 2482 ἦλθε
596 2395 679 2485 πρὸς
699 2396 876 2486 Ἀρχέλαον
898 2396 958 2466 τὸν
978 2398 1119 2484 βασιλέα
1141 2400 1209 2465 τῶν

10 2580 20 2605 .
61 2501 288 2588 Μακεδόνων,
311 2499 390 2588 παρ’
416 2493 443 2596 ᾦ
468 2506 562 2590 διῆγε
584 2507 643 2589 τῆς
665 2502 768 2592 άκρας
790 2502 973 2573 ἀπολαύων
995 2508 1098 2591 τιμῆς.
1145 2505 1209 2572 έτε-
1224 2533 1251 2572 ao

61 2608 202 2696 λεύτησε
234 2608 272 2677 δὲ
303 2606 368 2678 ὑπὸ
405 2611 584 2696 ἐπιβουλῆς
608 2606 801 2699 Ἀρριβαίου
832 2616 893 2680 τοῦ
923 2610 1123 2691 Μακεδόνος
1154 2610 1210 2678 καλ

61 2716 222 2804 Κρατεύα
254 2720 315 2784 τοῦ
342 2720 524 2801 Θετταλοῦ,
556 2719 704 2803 ποιητῶν
738 2716 846 2786 όντων
876 2718 932 2786 καλ
959 2715 1209 2806 φθονησάντων

62 2822 167 2916 αύτῷ,
184 2822 374 2921 πεισάντων
392 2849 427 2891 τε
443 2821 503 2891 τὸν
518 2825 680 2909 βασιλέως
694 2825 825 2912 οίκέτην
839 2824 988 2913 τούνομα
1004 2830 1210 2912 Λυσίμαχον,

62 2930 88 2998 ι’
113 2932 210 3017 μνῶν
233 2927 477 3017 άγορασθέντα,
501 2928 578 3009 τοὺς
596 2931 758 3016 βασιλέως
777 2928 836 3012 οὓς
855 2930 954 3013 αὐτὸς
972 2937 1088 3021 ἔτρεφε
1105 2931 1211 3012 κύνας

59 3093 159 3147 nostro
178 3092 240 3147 looo
256 3095 334 3147 Διον.
350 3090 378 3161 (i.
393 3106 416 3144 e.
432 3089 555 3146 musicae
569 3090 704 3146 historiae
719 3093 826 3161 auctor)
847 3091 916 3165 (καλ
932 3088 1159 3165 Ἐρατοσθένης)
1179 3087 1210 3147 έν

61 3178 122 3235 τοῖς
141 3177 282 3242 χρονικοῖς
300 3170 434 3236 tentavit3
452 3170 588 3225 librorum
605 3171 756 3227 lectionem
774 3173 925 3227 tenendam
944 3189 1005 3228 esse
1022 3175 1092 3243 puto

137 3258 349 3314 CCLXXXVIII
371 3258 527 3328 Descripsit
546 3260 632 3313 etiam
649 3261 763 3316 Manuel
781 3261 988 3330 Mosohopaluo.
1016 3263 1058 3314 Da
1080 3261 1132 3314 hac
1151 3260 1211 3313 vita

63 3338 211 3409 disputavi
229 3340 298 3394 Mus.
314 3339 401 3394 Rhea.
416 3338 519 3392 XXXV
533 3357 560 3408 p.
576 3345 640 3407 210,
660 3358 715 3410 quo
734 3341 796 3396 loco
815 3341 901 3394 verba
925 3336 956 3395 έν
975 3337 1007 3394 δὲ
1026 3341 1059 3410 τῇ
1080 3334 1211 3406 διαβάσει

62 3451 98 3460 -
117 3415 170 3472 τὸν
188 3415 306 3489 βασιλέα
325 3418 383 3489 (vel
400 3417 451 3472 τού
467 3411 655 3490 Ἀρεθουσίου)
675 3421 710 3475 ab
725 3421 865 3490 Hesychio
881 3420 973 3474 aliena
987 3419 1061 3473 duxi.
1086 3418 1212 3472 Priorem

61 3497 255 3555 narrationem
272 3499 400 3568 praestat
419 3498 504 3552 etiam
524 3499 769 3572 Ροικιίο-Ησεγαίι.
790 3518 812 3554 o.
828 3504 861 3555 28
880 3500 965 3570 paulo
985 3500 1095 3553 mutato
1114 3497 1212 3554 ordine

61 3580 214 3636 verborum
277 3584 292 3632 6
313 3577 442 3646 Siebelis,
463 3579 589 3635 Philooh.
610 3580 643 3634 fr.
661 3600 689 3651 p.
710 3587 753 3650 87,
772 3581 873 3635 Miiller
892 3581 904 3634 I
923 3598 950 3649 p.
969 3585 1021 3634 412
1060 3573 1098 3641 ὡς
1118 3575 1211 3648 Φιλόχ.

62 3654 268 3714 ἀποδείκνυσιν
289 3659 394 3713 Mosei.
467 3655 609 3730 Βέτέχθη
628 3659 660 3716 δὲ
677 3662 750 3717 Moe.
771 3657 900 3730 ἐτέθην
973 3667 988 3714 9
1009 3655 1121 3729 ἐγένετο
1141 3659 1211 3713 Mos.

64 3745 99 3794 10
119 3736 173 3808 pis
192 3755 246 3792 om.
267 3739 337 3794 Moe.
414 3745 445 3793 13
465 3741 598 3795 κίνδυνον
618 3743 691 3797 Moe.
751 3736 921 3809 σκυθρωπός
939 3744 1010 3795 τελλ
1073 3744 1107 3792 14
1125 3731 1161 3808 ἦν
1180 3736 1211 3793 τὸ

62 3809 143 3889 ἦθος
160 3818 235 3872 Mos.
254 3813 286 3872 τὸ
305 3809 379 3887 ἦθος
398 3835 451 3873 om.
472 3824 581 3872 BVEH
600 3887 603 3893 Ι
653 3826 686 3876 15
706 3814 851 3890 μισόγυνις
864 3824 939 3871 BVE
1011 3819 1122 3887 nocitor
1140 3821 1212 3888 vaip.

62 3894 296 3969 uooirnvABVE
353 3904 385 3953 18
404 3899 611 3968 πειρασθελςν
667 3894 843 3971 μεταναστὰς
862 3897 893 3954 δὲ
914 3893 966 3952 σῖτ’
984 3900 1057 3955 Mos,
1115 3907 1146 3956 19
1163 3895 1213 3954 τὸν

66 3996 122 4033 om.
143 3976 217 4031 Mos.
237 3977 286 4032 ubi
304 3976 369 4032 add.
385 3977 522 4034 Westerm.
542 3981 599 4034 τῶν
619 3997 672 4035 om.
691 3985 713 4031 v
787 3985 821 4033 20
840 3979 939 4047 διῆγεν
957 3973 1047 4046 ἄκρας
1066 3980 1136 4034 Mos.

65 4066 98 4114 21
127 4055 158 4124 ἐξ
179 4052 252 4132 έπιβ.
275 4059 349 4114 Mor.
437 4054 593 4131 Ἀρριβαίου
612 4065 686 4114 ABV
712 4061 784 4115 Μοε.
804 4060 942 4114 Westerm.
964 4052 1117 4127 Ἀρριδαίου
1140 4061 1212 4128 vulp.

63 4138 146 4210 (quia
161 4133 328 4208 Ἀρριδαῖος,
346 4138 421 4193 filius
438 4137 575 4210 Philippi,
595 4141 715 4195 occurrit
732 4141 805 4194 Plut.
826 4138 903 4194 Alex.
926 4140 968 4206 10)
1032 4143 1066 4190 23
1085 4137 1133 4191 καλ
1152 4157 1212 4192 πει-

64 4215 178 4275 σάντων
197 4218 271 4274 Mos.
291 4215 529 4290 vocaverimus,
549 4223 581 4275 ut
598 4221 717 4289 videtur,
731 4226 766 4289 A3
786 4222 878 4274 totum
892 4219 985 4273 looum
1001 4221 1070 4271 exa
1088 4217 1213 4272 restituit

63 4302 205 4356 Καείιτκε
222 4296 382 4354 πεισάντων
400 4318 430 4353 τε
449 4295 500 4354 τόν
520 4299 655 4374 βασιλέως
674 4299 786 4368 οίκέτην
804 4293 893 4360 κύνας
912 4293 1066 4363 ἐπαφεῖναι
1084 4298 1157 4366 vaip.

64 4375 195 4450 τοῦνομα
214 4409 248 4420 -
267 4375 403 4448 βασιλέως
421 4379 496 4435 solus
515 4381 579 4435 add.
599 4385 635 4448 Δ,
654 4374 744 4450 ὄνομα
764 4379 902 4434 Westerm.
964 4380 999 4429 24
1017 4370 1106 4438 κύνας
1124 4376 1154 4430 in
1172 4377 1212 4432 la-

66 4477 141 4516 cuna
160 4477 214 4516 ona
229 4463 252 4512 v
