<?xml version="1.0" encoding="UTF-8"?>
<!DOCTYPE html PUBLIC "-//W3C//DTD XHTML 1.0 Transitional//EN"
    "http://www.w3.org/TR/xhtml1/DTD/xhtml1-transitional.dtd">
<html xmlns="http://www.w3.org/1999/xhtml" xml:lang="en" lang="en">
 <head>
  <title>
</title>
<meta http-equiv="Content-Type" content="text/html;charset=utf-8" />
  <meta name='ocr-system' content='tesseract 3.04.00' />
  <meta name='ocr-capabilities' content='ocr_page ocr_carea ocr_par ocr_line ocrx_word'/>
</head>
<body>
  <div class='ocr_page' id='page_1' title='image "./hesychiimilesii03flacgoog_0053.png"; bbox 0 0 2910 5056; ppageno 0'>
   <div class='ocr_carea' id='block_1_1' title="bbox 227 297 939 357">
    <p class='ocr_par' dir='ltr' id='par_1_1' title="bbox 227 297 939 357">
     <span class='ocr_line' id='line_1_1' title="bbox 227 297 939 357; baseline 0.003 -4"><span class='ocrx_word' id='word_1_1' title='bbox 227 298 341 357; x_wconf 82' lang='lat' dir='ltr'>XLVIII</span> <span class='ocrx_word' id='word_1_2' title='bbox 655 297 939 356; x_wconf 79' lang='lat' dir='ltr'>PROLEGOMENA.</span> 
     </span>
    </p>
   </div>
   <div class='ocr_carea' id='block_1_2' title="bbox 143 447 1377 1191">
    <p class='ocr_par' dir='ltr' id='par_1_2' title="bbox 229 447 1377 656">
     <span class='ocr_line' id='line_1_2' title="bbox 229 447 1377 550; baseline -0.003 -21"><span class='ocrx_word' id='word_1_3' title='bbox 229 465 336 529; x_wconf 91' lang='lat' dir='ltr'>minus</span> <span class='ocrx_word' id='word_1_4' title='bbox 358 448 397 529; x_wconf 89' lang='lat' dir='ltr'>de</span> <span class='ocrx_word' id='word_1_5' title='bbox 415 463 598 550; x_wconf 89' lang='lat' dir='ltr'>praefatore</span> <span class='ocrx_word' id='word_1_6' title='bbox 622 485 706 529; x_wconf 88' lang='lat' dir='ltr'>orac.</span> <span class='ocrx_word' id='word_1_7' title='bbox 721 461 787 529; x_wconf 82' lang='lat' dir='ltr'>sib.</span> <span class='ocrx_word' id='word_1_8' title='bbox 801 486 832 548; x_wconf 92' lang='lat' dir='ltr'>p.</span> <span class='ocrx_word' id='word_1_9' title='bbox 849 464 890 528; x_wconf 89' lang='grc'>16</span> <span class='ocrx_word' id='word_1_10' title='bbox 914 460 977 550; x_wconf 85' lang='lat' dir='ltr'>(ed.</span> <span class='ocrx_word' id='word_1_11' title='bbox 997 459 1194 548; x_wconf 82' lang='lat' dir='ltr'>Alexandro)</span> <span class='ocrx_word' id='word_1_12' title='bbox 1215 447 1377 529; x_wconf 79' lang='lat' dir='ltr'>erravisse</span> 
     </span>
     <span class='ocr_line' id='line_1_3' title="bbox 230 569 1238 656; baseline -0.001 -21"><span class='ocrx_word' id='word_1_13' title='bbox 230 569 448 637; x_wconf 86' lang='lat' dir='ltr'>Mettauerum</span> <span class='ocrx_word' id='word_1_14' title='bbox 471 594 500 655; x_wconf 92' lang='lat' dir='ltr'>p.</span> <span class='ocrx_word' id='word_1_15' title='bbox 523 571 565 636; x_wconf 87' lang='lat'>58</span> <span class='ocrx_word' id='word_1_16' title='bbox 589 571 696 655; x_wconf 84' lang='lat' dir='ltr'>prima</span> <span class='ocrx_word' id='word_1_17' title='bbox 719 571 814 636; x_wconf 91' lang='lat' dir='ltr'>huius</span> <span class='ocrx_word' id='word_1_18' title='bbox 838 571 953 655; x_wconf 84' lang='lat' dir='ltr'>capitis</span> <span class='ocrx_word' id='word_1_19' title='bbox 976 576 1070 656; x_wconf 88' lang='lat' dir='ltr'>parto</span> <span class='ocrx_word' id='word_1_20' title='bbox 1095 571 1238 653; x_wconf 85' lang='lat' dir='ltr'><strong>exposui.</strong></span> 
     </span>
    </p>

    <p class='ocr_par' dir='ltr' id='par_1_3' title="bbox 143 667 1375 1191">
     <span class='ocr_line' id='line_1_4' title="bbox 143 667 1375 761; baseline -0.001 -19"><span class='ocrx_word' id='word_1_21' title='bbox 143 679 202 757; x_wconf 66' lang='lat'>§7</span> <span class='ocrx_word' id='word_1_22' title='bbox 316 676 423 744; x_wconf 80' lang='lat' dir='ltr'>Schol.</span> <span class='ocrx_word' id='word_1_23' title='bbox 460 677 590 743; x_wconf 87' lang='lat' dir='ltr'>Lucian.</span> <span class='ocrx_word' id='word_1_24' title='bbox 627 667 754 744; x_wconf 66' lang='lat' dir='ltr'>Amor.&#39;</span> <span class='ocrx_word' id='word_1_25' title='bbox 770 679 814 743; x_wconf 82' lang='lat'>50</span> <span class='ocrx_word' id='word_1_26' title='bbox 851 678 885 741; x_wconf 94' lang='lat' dir='ltr'>in</span> <span class='ocrx_word' id='word_1_27' title='bbox 920 677 988 742; x_wconf 89' lang='lat' dir='ltr'>cod.</span> <span class='ocrx_word' id='word_1_28' title='bbox 1016 677 1046 742; x_wconf 92' lang='lat' dir='ltr'>V</span> <span class='ocrx_word' id='word_1_29' title='bbox 1083 678 1237 761; x_wconf 87' lang='lat' dir='ltr'>praebere</span> <span class='ocrx_word' id='word_1_30' title='bbox 1274 676 1375 741; x_wconf 85' lang='lat' dir='ltr'>vitam</span> 
     </span>
     <span class='ocr_line' id='line_1_5' title="bbox 228 783 1374 868; baseline -0.003 -19"><span class='ocrx_word' id='word_1_31' title='bbox 228 785 499 851; x_wconf 84' lang='lat' dir='ltr'>Theramensis</span> <span class='ocrx_word' id='word_1_32' title='bbox 523 785 633 850; x_wconf 90' lang='lat' dir='ltr'>nescio</span> <span class='ocrx_word' id='word_1_33' title='bbox 654 784 735 849; x_wconf 88' lang='lat' dir='ltr'>unde</span> <span class='ocrx_word' id='word_1_34' title='bbox 755 783 959 868; x_wconf 73' lang='lat' dir='ltr'>desumptam</span> <span class='ocrx_word' id='word_1_35' title='bbox 978 784 1044 848; x_wconf 87' lang='lat' dir='ltr'><strong>dixi</strong></span> <span class='ocrx_word' id='word_1_36' title='bbox 1062 784 1104 848; x_wconf 91' lang='lat' dir='ltr'>ad</span> <span class='ocrx_word' id='word_1_37' title='bbox 1117 783 1259 848; x_wconf 91' lang='lat' dir='ltr'>rhetoris</span> <span class='ocrx_word' id='word_1_38' title='bbox 1274 783 1374 847; x_wconf 87' lang='lat' dir='ltr'>vitam</span> 
     </span>
     <span class='ocr_line' id='line_1_6' title="bbox 228 885 1375 976; baseline -0.001 -20"><span class='ocrx_word' id='word_1_39' title='bbox 228 892 281 976; x_wconf 87' lang='lat' dir='ltr'>(cf.</span> <span class='ocrx_word' id='word_1_40' title='bbox 301 892 431 957; x_wconf 87' lang='lat' dir='ltr'>Lucian.</span> <span class='ocrx_word' id='word_1_41' title='bbox 451 892 498 957; x_wconf 89' lang='lat' dir='ltr'>ed.</span> <span class='ocrx_word' id='word_1_42' title='bbox 511 891 660 957; x_wconf 85' lang='lat' dir='ltr'>Jacobitz</span> <span class='ocrx_word' id='word_1_43' title='bbox 679 890 727 956; x_wconf 90' lang='lat' dir='ltr'>IV</span> <span class='ocrx_word' id='word_1_44' title='bbox 746 913 776 975; x_wconf 89' lang='lat' dir='ltr'>p.</span> <span class='ocrx_word' id='word_1_45' title='bbox 793 892 869 956; x_wconf 84' lang='lat'><strong>163:</strong></span> <span class='ocrx_word' id='word_1_46' title='bbox 887 895 968 974; x_wconf 85' lang='grc' dir='ltr'><strong><em>Θηρ.</em></strong></span> <span class='ocrx_word' id='word_1_47' title='bbox 985 885 1163 974; x_wconf 82' lang='grc' dir='ltr'><strong><em>Ἀθηναϊος</em></strong></span> <span class='ocrx_word' id='word_1_48' title='bbox 1182 886 1297 975; x_wconf 81' lang='grc' dir='ltr'><strong><em>ῥήτωρ</em></strong></span> <span class='ocrx_word' id='word_1_49' title='bbox 1316 913 1375 975; x_wconf 88' lang='grc' dir='ltr'>μα-</span> 
     </span>
     <span class='ocr_line' id='line_1_7' title="bbox 227 992 1374 1084; baseline -0.002 -22"><span class='ocrx_word' id='word_1_50' title='bbox 227 994 334 1082; x_wconf 82' lang='grc' dir='ltr'><strong><em>θητὴς</em></strong></span> <span class='ocrx_word' id='word_1_51' title='bbox 358 1000 532 1084; x_wconf 73' lang='grc' dir='ltr'><strong><em>Προδίκου</em></strong></span> <span class='ocrx_word' id='word_1_52' title='bbox 554 1000 615 1064; x_wconf 85' lang='grc' dir='ltr'>τοῦ</span> <span class='ocrx_word' id='word_1_53' title='bbox 639 1002 758 1081; x_wconf 81' lang='grc' dir='ltr'><em>Κείου,</em></span> <span class='ocrx_word' id='word_1_54' title='bbox 787 992 824 1074; x_wconf 87' lang='grc' dir='ltr'><strong><em>δς</em></strong></span> <span class='ocrx_word' id='word_1_55' title='bbox 847 996 1034 1064; x_wconf 74' lang='grc' dir='ltr'><strong><em>ἐπεκαλεῖτο</em></strong></span> <span class='ocrx_word' id='word_1_56' title='bbox 1058 993 1269 1082; x_wconf 78' lang='grc' dir='ltr'><strong><em>Κόθορνος),</em></strong></span> <span class='ocrx_word' id='word_1_57' title='bbox 1298 998 1374 1060; x_wconf 88' lang='lat' dir='ltr'>alte·</span> 
     </span>
     <span class='ocr_line' id='line_1_8' title="bbox 227 1102 1061 1191; baseline 0.001 -23"><span class='ocrx_word' id='word_1_58' title='bbox 227 1127 300 1169; x_wconf 88' lang='lat' dir='ltr'>rum</span> <span class='ocrx_word' id='word_1_59' title='bbox 321 1106 479 1172; x_wconf 89' lang='lat' dir='ltr'>scholium</span> <span class='ocrx_word' id='word_1_60' title='bbox 503 1106 687 1191; x_wconf 81' lang='lat' dir='ltr'>Agathonis</span> <span class='ocrx_word' id='word_1_61' title='bbox 712 1105 777 1169; x_wconf 85' lang='lat' dir='ltr'>dixi</span> <span class='ocrx_word' id='word_1_62' title='bbox 801 1105 834 1170; x_wconf 93' lang='lat' dir='ltr'>in</span> <span class='ocrx_word' id='word_1_63' title='bbox 859 1109 1025 1191; x_wconf 84' lang='lat' dir='ltr'>apparatu.</span> <span class='ocrx_word' id='word_1_64' title='bbox 1036 1102 1061 1190; x_wconf 83' lang='lat'>¹)</span> 
     </span>
    </p>
   </div>
   <div class='ocr_carea' id='block_1_3' title="bbox 641 1323 955 1415">
    <p class='ocr_par' dir='ltr' id='par_1_4' title="bbox 641 1323 955 1415">
     <span class='ocr_line' id='line_1_9' title="bbox 641 1323 955 1415; baseline -0.003 -20"><span class='ocrx_word' id='word_1_65' title='bbox 641 1323 762 1415; x_wconf 76' lang='lat' dir='ltr'>Caput</span> <span class='ocrx_word' id='word_1_66' title='bbox 789 1323 955 1396; x_wconf 80' lang='lat' dir='ltr'>tertium.</span> 
     </span>
    </p>
   </div>
   <div class='ocr_carea' id='block_1_4' title="bbox 552 1486 1048 1557">
    <p class='ocr_par' dir='ltr' id='par_1_5' title="bbox 552 1486 1048 1557">
     <span class='ocr_line' id='line_1_10' title="bbox 552 1486 1048 1557; baseline -0.002 -13"><span class='ocrx_word' id='word_1_67' title='bbox 552 1490 606 1544; x_wconf 85' lang='lat' dir='ltr'>De</span> <span class='ocrx_word' id='word_1_68' title='bbox 634 1488 820 1544; x_wconf 83' lang='lat' dir='ltr'>fontibus</span> <span class='ocrx_word' id='word_1_69' title='bbox 847 1486 1048 1557; x_wconf 80' lang='lat' dir='ltr'>Hesychil.</span> 
     </span>
    </p>
   </div>
   <div class='ocr_carea' id='block_1_5' title="bbox 144 1619 1403 3737">
    <p class='ocr_par' dir='ltr' id='par_1_6' title="bbox 144 1619 1378 2453">
     <span class='ocr_line' id='line_1_11' title="bbox 144 1619 1376 1707; baseline 0 -24"><span class='ocrx_word' id='word_1_70' title='bbox 144 1621 202 1700; x_wconf 73' lang='lat'>§1</span> <span class='ocrx_word' id='word_1_71' title='bbox 317 1621 573 1706; x_wconf 82' lang='lat' dir='ltr'>Antiquissimus</span> <span class='ocrx_word' id='word_1_72' title='bbox 606 1621 692 1706; x_wconf 86' lang='lat' dir='ltr'>fons,</span> <span class='ocrx_word' id='word_1_73' title='bbox 725 1644 762 1686; x_wconf 83' lang='lat' dir='ltr'>ex</span> <span class='ocrx_word' id='word_1_74' title='bbox 796 1645 859 1707; x_wconf 92' lang='lat' dir='ltr'>quo</span> <span class='ocrx_word' id='word_1_75' title='bbox 892 1623 1037 1687; x_wconf 87' lang='lat' dir='ltr'>manavit</span> <span class='ocrx_word' id='word_1_76' title='bbox 1066 1619 1232 1704; x_wconf 83' lang='lat' dir='ltr'>Hesychii</span> <span class='ocrx_word' id='word_1_77' title='bbox 1254 1619 1376 1685; x_wconf 84' lang='lat' dir='ltr'>Milesii</span> 
     </span>
     <span class='ocr_line' id='line_1_12' title="bbox 230 1726 1377 1812; baseline -0.003 -19"><span class='ocrx_word' id='word_1_78' title='bbox 230 1729 388 1812; x_wconf 89' lang='lat' dir='ltr'>doctrina,</span> <span class='ocrx_word' id='word_1_79' title='bbox 410 1727 526 1793; x_wconf 92' lang='lat' dir='ltr'>Duris</span> <span class='ocrx_word' id='word_1_80' title='bbox 546 1727 695 1794; x_wconf 85' lang='lat' dir='ltr'>Samius</span> <span class='ocrx_word' id='word_1_81' title='bbox 719 1733 779 1808; x_wconf 88' lang='lat' dir='ltr'>est,</span> <span class='ocrx_word' id='word_1_82' title='bbox 802 1730 892 1794; x_wconf 88' lang='lat' dir='ltr'>cuius</span> <span class='ocrx_word' id='word_1_83' title='bbox 912 1727 1061 1794; x_wconf 80' lang='lat' dir='ltr'>Samiaca</span> <span class='ocrx_word' id='word_1_84' title='bbox 1080 1727 1205 1793; x_wconf 88' lang='lat' dir='ltr'>laudari</span> <span class='ocrx_word' id='word_1_85' title='bbox 1223 1726 1377 1792; x_wconf 83' lang='lat' dir='ltr'>videntur</span> 
     </span>
     <span class='ocr_line' id='line_1_13' title="bbox 229 1831 1376 1922; baseline -0.003 -22"><span class='ocrx_word' id='word_1_86' title='bbox 229 1859 258 1900; x_wconf 89' lang='lat' dir='ltr'>v.</span> <span class='ocrx_word' id='word_1_87' title='bbox 281 1831 458 1911; x_wconf 83' lang='grc' dir='ltr'><strong><em>Πανύασις</em></strong></span> <span class='ocrx_word' id='word_1_88' title='bbox 480 1832 534 1922; x_wconf 84' lang='lat' dir='ltr'>(cf.</span> <span class='ocrx_word' id='word_1_89' title='bbox 557 1835 673 1901; x_wconf 78' lang='lat' dir='ltr'>Miiller</span> <span class='ocrx_word' id='word_1_90' title='bbox 694 1834 727 1900; x_wconf 93' lang='lat' dir='ltr'>II</span> <span class='ocrx_word' id='word_1_91' title='bbox 746 1858 776 1919; x_wconf 85' lang='lat' dir='ltr'>p.</span> <span class='ocrx_word' id='word_1_92' title='bbox 794 1834 886 1921; x_wconf 79' lang='lat'>482),</span> <span class='ocrx_word' id='word_1_93' title='bbox 910 1858 1005 1920; x_wconf 91' lang='lat' dir='ltr'>quem</span> <span class='ocrx_word' id='word_1_94' title='bbox 1029 1836 1136 1900; x_wconf 90' lang='lat' dir='ltr'>locum</span> <span class='ocrx_word' id='word_1_95' title='bbox 1160 1833 1302 1898; x_wconf 86' lang='lat' dir='ltr'>fortasse</span> <span class='ocrx_word' id='word_1_96' title='bbox 1327 1833 1376 1897; x_wconf 89' lang='lat' dir='ltr'>vel</span> 
     </span>
     <span class='ocr_line' id='line_1_14' title="bbox 229 1939 1376 2028; baseline -0.003 -21"><span class='ocrx_word' id='word_1_97' title='bbox 229 1943 314 2027; x_wconf 89' lang='lat' dir='ltr'>apud</span> <span class='ocrx_word' id='word_1_98' title='bbox 353 1941 518 2008; x_wconf 80' lang='lat' dir='ltr'>Laertium</span> <span class='ocrx_word' id='word_1_99' title='bbox 553 1941 749 2028; x_wconf 82' lang='lat' dir='ltr'>Diogenem,</span> <span class='ocrx_word' id='word_1_100' title='bbox 790 1943 845 2026; x_wconf 93' lang='lat' dir='ltr'>qui</span> <span class='ocrx_word' id='word_1_101' title='bbox 886 1942 1014 2027; x_wconf 89' lang='lat' dir='ltr'>saepius</span> <span class='ocrx_word' id='word_1_102' title='bbox 1049 1939 1181 2005; x_wconf 92' lang='lat' dir='ltr'>Duridis</span> <span class='ocrx_word' id='word_1_103' title='bbox 1218 1939 1376 2004; x_wconf 75' lang='lat' dir='ltr'>historias</span> 
     </span>
     <span class='ocr_line' id='line_1_15' title="bbox 230 2040 1377 2132; baseline -0.002 -19"><span class='ocrx_word' id='word_1_104' title='bbox 230 2048 434 2132; x_wconf 77' lang='lat' dir='ltr'>compilavit,</span> <span class='ocrx_word' id='word_1_105' title='bbox 457 2049 508 2113; x_wconf 86' lang='lat' dir='ltr'>vel</span> <span class='ocrx_word' id='word_1_106' title='bbox 531 2050 641 2132; x_wconf 91' lang='lat' dir='ltr'>potius</span> <span class='ocrx_word' id='word_1_107' title='bbox 668 2049 704 2113; x_wconf 90' lang='lat' dir='ltr'>in</span> <span class='ocrx_word' id='word_1_108' title='bbox 730 2049 797 2113; x_wconf 90' lang='lat' dir='ltr'>eius</span> <span class='ocrx_word' id='word_1_109' title='bbox 821 2049 925 2132; x_wconf 87' lang='lat' dir='ltr'>fonte,</span> <span class='ocrx_word' id='word_1_110' title='bbox 949 2049 1034 2114; x_wconf 91' lang='lat' dir='ltr'>libro</span> <span class='ocrx_word' id='word_1_111' title='bbox 1058 2048 1167 2132; x_wconf 90' lang='lat' dir='ltr'>aliquo</span> <span class='ocrx_word' id='word_1_112' title='bbox 1190 2043 1267 2130; x_wconf 79' lang='grc' dir='ltr'><strong><em>περὶ</em></strong></span> <span class='ocrx_word' id='word_1_113' title='bbox 1291 2040 1377 2130; x_wconf 87' lang='grc' dir='ltr'><strong><em>ὁμω-</em></strong></span> 
     </span>
     <span class='ocr_line' id='line_1_16' title="bbox 229 2150 1376 2239; baseline -0.002 -21"><span class='ocrx_word' id='word_1_114' title='bbox 229 2150 348 2238; x_wconf 87' lang='grc' dir='ltr'><strong><em>νύμων</em></strong></span> <span class='ocrx_word' id='word_1_115' title='bbox 370 2154 531 2219; x_wconf 88' lang='lat' dir='ltr'>invenisse</span> <span class='ocrx_word' id='word_1_116' title='bbox 554 2155 715 2239; x_wconf 90' lang='lat' dir='ltr'>putandus</span> <span class='ocrx_word' id='word_1_117' title='bbox 736 2159 799 2238; x_wconf 91' lang='lat' dir='ltr'>est,</span> <span class='ocrx_word' id='word_1_118' title='bbox 822 2156 873 2220; x_wconf 83' lang='lat' dir='ltr'>vel</span> <span class='ocrx_word' id='word_1_119' title='bbox 894 2154 979 2239; x_wconf 90' lang='lat' dir='ltr'>apud</span> <span class='ocrx_word' id='word_1_120' title='bbox 1002 2155 1097 2238; x_wconf 86' lang='lat' dir='ltr'>alios,</span> <span class='ocrx_word' id='word_1_121' title='bbox 1120 2154 1207 2218; x_wconf 87' lang='lat' dir='ltr'>velut</span> <span class='ocrx_word' id='word_1_122' title='bbox 1229 2151 1376 2238; x_wconf 86' lang='lat' dir='ltr'>Porphy-</span> 
     </span>
     <span class='ocr_line' id='line_1_17' title="bbox 230 2258 1377 2346; baseline -0.001 -22"><span class='ocrx_word' id='word_1_123' title='bbox 230 2261 329 2344; x_wconf 89' lang='lat' dir='ltr'>rium,</span> <span class='ocrx_word' id='word_1_124' title='bbox 353 2282 448 2345; x_wconf 90' lang='lat' dir='ltr'>quem</span> <span class='ocrx_word' id='word_1_125' title='bbox 471 2261 510 2324; x_wconf 88' lang='lat' dir='ltr'>de</span> <span class='ocrx_word' id='word_1_126' title='bbox 528 2261 650 2326; x_wconf 87' lang='lat' dir='ltr'>Doride</span> <span class='ocrx_word' id='word_1_127' title='bbox 675 2261 771 2346; x_wconf 82' lang='lat' dir='ltr'>saepe</span> <span class='ocrx_word' id='word_1_128' title='bbox 794 2261 933 2346; x_wconf 88' lang='lat' dir='ltr'>pendero</span> <span class='ocrx_word' id='word_1_129' title='bbox 957 2262 1076 2327; x_wconf 91' lang='lat' dir='ltr'>dudum</span> <span class='ocrx_word' id='word_1_130' title='bbox 1096 2259 1264 2344; x_wconf 84' lang='lat' dir='ltr'>cognitum</span> <span class='ocrx_word' id='word_1_131' title='bbox 1286 2258 1377 2343; x_wconf 78' lang='lat' dir='ltr'>est.²)</span> 
     </span>
     <span class='ocr_line' id='line_1_18' title="bbox 230 2366 1378 2453; baseline -0.001 -22"><span class='ocrx_word' id='word_1_132' title='bbox 230 2366 348 2433; x_wconf 89' lang='lat' dir='ltr'>Parum</span> <span class='ocrx_word' id='word_1_133' title='bbox 367 2367 451 2431; x_wconf 89' lang='lat' dir='ltr'>enim</span> <span class='ocrx_word' id='word_1_134' title='bbox 471 2389 522 2431; x_wconf 89' lang='lat' dir='ltr'>res</span> <span class='ocrx_word' id='word_1_135' title='bbox 542 2370 670 2432; x_wconf 88' lang='lat' dir='ltr'>constat</span> <span class='ocrx_word' id='word_1_136' title='bbox 687 2367 725 2432; x_wconf 86' lang='lat' dir='ltr'>de</span> <span class='ocrx_word' id='word_1_137' title='bbox 743 2367 925 2453; x_wconf 81' lang='lat' dir='ltr'>Eugeone</span> <span class='ocrx_word' id='word_1_138' title='bbox 945 2366 1085 2453; x_wconf 80' lang='lat' dir='ltr'>Samio,</span> <span class='ocrx_word' id='word_1_139' title='bbox 1109 2367 1267 2452; x_wconf 79' lang='lat' dir='ltr'>scriptore</span> <span class='ocrx_word' id='word_1_140' title='bbox 1287 2370 1378 2431; x_wconf 84' lang='lat' dir='ltr'>vetu-</span> 
     </span>
    </p>

    <p class='ocr_par' dir='ltr' id='par_1_7' title="bbox 181 2473 1403 3737">
     <span class='ocr_line' id='line_1_19' title="bbox 181 2473 1379 2559; baseline 0 -21"><span class='ocrx_word' id='word_1_141' title='bbox 181 2520 183 2524; x_wconf 68' lang='lat'>,</span> <span class='ocrx_word' id='word_1_142' title='bbox 230 2473 388 2553; x_wconf 90' lang='lat' dir='ltr'>stissimo,</span> <span class='ocrx_word' id='word_1_143' title='bbox 425 2473 481 2558; x_wconf 91' lang='lat' dir='ltr'>qui</span> <span class='ocrx_word' id='word_1_144' title='bbox 513 2477 593 2539; x_wconf 90' lang='lat' dir='ltr'>ante</span> <span class='ocrx_word' id='word_1_145' title='bbox 621 2475 741 2538; x_wconf 90' lang='lat' dir='ltr'>bellum</span> <span class='ocrx_word' id='word_1_146' title='bbox 765 2474 1099 2559; x_wconf 24' lang='lat' dir='ltr'>*Peloponnessiacum</span> <span class='ocrx_word' id='word_1_147' title='bbox 1126 2473 1221 2557; x_wconf 82' lang='lat' dir='ltr'>vixit3</span> <span class='ocrx_word' id='word_1_148' title='bbox 1250 2473 1379 2538; x_wconf 83' lang='lat' dir='ltr'>eunden</span> 
     </span>
     <span class='ocr_line' id='line_1_20' title="bbox 229 2578 1380 2666; baseline 0 -21"><span class='ocrx_word' id='word_1_149' title='bbox 229 2581 315 2645; x_wconf 91' lang='lat' dir='ltr'>enim</span> <span class='ocrx_word' id='word_1_150' title='bbox 349 2603 376 2644; x_wconf 87' lang='lat' dir='ltr'>v.</span> <span class='ocrx_word' id='word_1_151' title='bbox 408 2585 564 2666; x_wconf 81' lang='grc' dir='ltr'><strong><em>Αίπωσος</em></strong></span> <span class='ocrx_word' id='word_1_152' title='bbox 596 2579 792 2664; x_wconf 80' lang='lat' dir='ltr'>intellegunt</span> <span class='ocrx_word' id='word_1_153' title='bbox 818 2578 979 2663; x_wconf 86' lang='lat' dir='ltr'>Meinekc,</span> <span class='ocrx_word' id='word_1_154' title='bbox 1012 2578 1107 2644; x_wconf 89' lang='lat' dir='ltr'>Anal.</span> <span class='ocrx_word' id='word_1_155' title='bbox 1137 2578 1190 2643; x_wconf 85' lang='lat' dir='ltr'>Al.</span> <span class='ocrx_word' id='word_1_156' title='bbox 1217 2602 1249 2663; x_wconf 93' lang='lat' dir='ltr'>p.</span> <span class='ocrx_word' id='word_1_157' title='bbox 1274 2581 1317 2644; x_wconf 91' lang='grc'>61</span> <span class='ocrx_word' id='word_1_158' title='bbox 1347 2586 1380 2645; x_wconf 88' lang='lat' dir='ltr'>et</span> 
     </span>
     <span class='ocr_line' id='line_1_21' title="bbox 228 2679 1380 2770; baseline 0 -19"><span class='ocrx_word' id='word_1_159' title='bbox 228 2685 401 2751; x_wconf 79' lang='lat' dir='ltr'>Muller-Il</span> <span class='ocrx_word' id='word_1_160' title='bbox 424 2709 455 2770; x_wconf 95' lang='lat' dir='ltr'>p.</span> <span class='ocrx_word' id='word_1_161' title='bbox 476 2688 526 2770; x_wconf 87' lang='grc'>16,</span> <span class='ocrx_word' id='word_1_162' title='bbox 550 2708 621 2752; x_wconf 88' lang='lat' dir='ltr'>cum</span> <span class='ocrx_word' id='word_1_163' title='bbox 641 2679 821 2769; x_wconf 80' lang='grc' dir='ltr'><strong><em>Εὐγείτων,</em></strong></span> <span class='ocrx_word' id='word_1_164' title='bbox 845 2686 930 2770; x_wconf 91' lang='lat' dir='ltr'>quod</span> <span class='ocrx_word' id='word_1_165' title='bbox 950 2686 1027 2751; x_wconf 89' lang='lat' dir='ltr'>libri</span> <span class='ocrx_word' id='word_1_166' title='bbox 1044 2688 1223 2770; x_wconf 84' lang='lat' dir='ltr'>praestant,</span> <span class='ocrx_word' id='word_1_167' title='bbox 1246 2690 1380 2752; x_wconf 90' lang='lat' dir='ltr'>tueatur</span> 
     </span>
     <span class='ocr_line' id='line_1_22' title="bbox 228 2791 1380 2879; baseline 0.002 -22"><span class='ocrx_word' id='word_1_168' title='bbox 228 2793 389 2858; x_wconf 88' lang='lat' dir='ltr'>Welcker.</span> <span class='ocrx_word' id='word_1_169' title='bbox 428 2793 508 2859; x_wconf 91' lang='lat' dir='ltr'>Post</span> <span class='ocrx_word' id='word_1_170' title='bbox 528 2792 717 2879; x_wconf 82' lang='lat' dir='ltr'>Eugeonem</span> <span class='ocrx_word' id='word_1_171' title='bbox 741 2792 881 2856; x_wconf 89' lang='lat' dir='ltr'>occurrit</span> <span class='ocrx_word' id='word_1_172' title='bbox 903 2792 1158 2878; x_wconf 83' lang='lat' dir='ltr'>Aristagoras</span> <span class='ocrx_word' id='word_1_173' title='bbox 1182 2791 1380 2878; x_wconf 87' lang='lat' dir='ltr'>Milesius,</span> 
     </span>
     <span class='ocr_line' id='line_1_23' title="bbox 229 2898 1380 2985; baseline 0.002 -22"><span class='ocrx_word' id='word_1_174' title='bbox 229 2899 417 2965; x_wconf 82' lang='lat' dir='ltr'>Aristotelis</span> <span class='ocrx_word' id='word_1_175' title='bbox 431 2899 498 2964; x_wconf 87' lang='lat' dir='ltr'>fere</span> <span class='ocrx_word' id='word_1_176' title='bbox 513 2922 643 2984; x_wconf 86' lang='lat' dir='ltr'>suppar,</span> <span class='ocrx_word' id='word_1_177' title='bbox 657 2898 806 2963; x_wconf 88' lang='lat' dir='ltr'>laudatus</span> <span class='ocrx_word' id='word_1_178' title='bbox 820 2921 848 2962; x_wconf 86' lang='lat' dir='ltr'>v.</span> <span class='ocrx_word' id='word_1_179' title='bbox 858 2901 980 2983; x_wconf 90' lang='grc' dir='ltr'><strong><em>Χίλων,</em></strong></span> <span class='ocrx_word' id='word_1_180' title='bbox 996 2921 1092 2984; x_wconf 88' lang='lat' dir='ltr'>quem</span> <span class='ocrx_word' id='word_1_181' title='bbox 1106 2900 1213 2965; x_wconf 93' lang='lat' dir='ltr'>locum</span> <span class='ocrx_word' id='word_1_182' title='bbox 1229 2921 1268 2964; x_wconf 85' lang='lat' dir='ltr'>ex</span> <span class='ocrx_word' id='word_1_183' title='bbox 1281 2899 1380 2985; x_wconf 83' lang='lat' dir='ltr'>Diog.</span> 
     </span>
     <span class='ocr_line' id='line_1_24' title="bbox 229 3004 1379 3091; baseline 0.003 -22"><span class='ocrx_word' id='word_1_184' title='bbox 229 3006 257 3084; x_wconf 90' lang='lat' dir='ltr'>I,</span> <span class='ocrx_word' id='word_1_185' title='bbox 283 3007 324 3071; x_wconf 80' lang='lat'>72</span> <span class='ocrx_word' id='word_1_186' title='bbox 352 3005 578 3091; x_wconf 89' lang='lat' dir='ltr'>depromptum</span> <span class='ocrx_word' id='word_1_187' title='bbox 605 3004 736 3068; x_wconf 80' lang='lat' dir='ltr'>silentio</span> <span class='ocrx_word' id='word_1_188' title='bbox 765 3005 877 3069; x_wconf 92' lang='lat' dir='ltr'>omisit</span> <span class='ocrx_word' id='word_1_189' title='bbox 903 3005 1021 3069; x_wconf 87' lang='lat' dir='ltr'>Muller</span> <span class='ocrx_word' id='word_1_190' title='bbox 1048 3005 1080 3068; x_wconf 92' lang='lat' dir='ltr'>II</span> <span class='ocrx_word' id='word_1_191' title='bbox 1107 3029 1137 3090; x_wconf 93' lang='lat' dir='ltr'>p.</span> <span class='ocrx_word' id='word_1_192' title='bbox 1161 3006 1214 3070; x_wconf 82' lang='lat'>98.</span> <span class='ocrx_word' id='word_1_193' title='bbox 1264 3007 1379 3073; x_wconf 87' lang='lat' dir='ltr'>Proxi-</span> 
     </span>
     <span class='ocr_line' id='line_1_25' title="bbox 229 3107 1379 3198; baseline 0.002 -21"><span class='ocrx_word' id='word_1_194' title='bbox 229 3135 301 3177; x_wconf 91' lang='lat' dir='ltr'>mus</span> <span class='ocrx_word' id='word_1_195' title='bbox 325 3116 375 3177; x_wconf 89' lang='lat' dir='ltr'>est</span> <span class='ocrx_word' id='word_1_196' title='bbox 396 3110 628 3195; x_wconf 87' lang='lat' dir='ltr'>Hermippus</span> <span class='ocrx_word' id='word_1_197' title='bbox 653 3107 953 3195; x_wconf 80' lang='lat' dir='ltr'>Callimacheus,</span> <span class='ocrx_word' id='word_1_198' title='bbox 978 3112 1068 3176; x_wconf 92' lang='lat' dir='ltr'>cuius</span> <span class='ocrx_word' id='word_1_199' title='bbox 1092 3114 1189 3195; x_wconf 93' lang='grc' dir='ltr'><strong><em>βίους</em></strong></span> <span class='ocrx_word' id='word_1_200' title='bbox 1212 3114 1379 3198; x_wconf 82' lang='lat' dir='ltr'>insignem</span> 
     </span>
     <span class='ocr_line' id='line_1_26' title="bbox 229 3216 1403 3305; baseline 0.001 -21"><span class='ocrx_word' id='word_1_201' title='bbox 229 3219 386 3304; x_wconf 85' lang='lat' dir='ltr'>Diogenis</span> <span class='ocrx_word' id='word_1_202' title='bbox 405 3218 528 3283; x_wconf 89' lang='lat' dir='ltr'>Laertii</span> <span class='ocrx_word' id='word_1_203' title='bbox 551 3216 676 3281; x_wconf 90' lang='lat' dir='ltr'>fontem</span> <span class='ocrx_word' id='word_1_204' title='bbox 699 3217 807 3300; x_wconf 87' lang='lat' dir='ltr'>fuisse,</span> <span class='ocrx_word' id='word_1_205' title='bbox 832 3218 981 3301; x_wconf 88' lang='lat' dir='ltr'>inprimis</span> <span class='ocrx_word' id='word_1_206' title='bbox 1005 3239 1114 3282; x_wconf 88' lang='lat' dir='ltr'>eorum</span> <span class='ocrx_word' id='word_1_207' title='bbox 1137 3219 1284 3302; x_wconf 83' lang='lat' dir='ltr'>singulas</span> <span class='ocrx_word' id='word_1_208' title='bbox 1306 3216 1403 3305; x_wconf 66' lang='lat' dir='ltr'>par-⁶</span> 
     </span>
     <span class='ocr_line' id='line_1_27' title="bbox 228 3319 1378 3409; baseline 0.001 -18"><span class='ocrx_word' id='word_1_209' title='bbox 228 3331 279 3391; x_wconf 89' lang='lat' dir='ltr'>tes</span> <span class='ocrx_word' id='word_1_210' title='bbox 306 3324 381 3409; x_wconf 83' lang='grc' dir='ltr'><strong><em>περὶ</em></strong></span> <span class='ocrx_word' id='word_1_211' title='bbox 410 3324 608 3409; x_wconf 78' lang='grc' dir='ltr'><strong><em>νομοθετῶν</em></strong></span> <span class='ocrx_word' id='word_1_212' title='bbox 636 3327 670 3388; x_wconf 86' lang='lat' dir='ltr'>et</span> <span class='ocrx_word' id='word_1_213' title='bbox 696 3321 771 3407; x_wconf 86' lang='grc' dir='ltr'><strong><em>περὶ</em></strong></span> <span class='ocrx_word' id='word_1_214' title='bbox 798 3323 866 3388; x_wconf 88' lang='grc' dir='ltr'>τῶν</span> <span class='ocrx_word' id='word_1_215' title='bbox 890 3319 969 3389; x_wconf 84' lang='grc' dir='ltr'><strong><em>ἑπτά</em></strong></span> <span class='ocrx_word' id='word_1_216' title='bbox 994 3325 1125 3408; x_wconf 80' lang='grc' dir='ltr'><strong><em>σοφῶν,</em></strong></span> <span class='ocrx_word' id='word_1_217' title='bbox 1152 3326 1239 3390; x_wconf 89' lang='lat' dir='ltr'>inter</span> <span class='ocrx_word' id='word_1_218' title='bbox 1263 3348 1378 3392; x_wconf 87' lang='lat' dir='ltr'>omnes</span> 
     </span>
     <span class='ocr_line' id='line_1_28' title="bbox 228 3425 1379 3518; baseline 0.003 -21"><span class='ocrx_word' id='word_1_219' title='bbox 228 3434 309 3497; x_wconf 86' lang='lat' dir='ltr'>satis</span> <span class='ocrx_word' id='word_1_220' title='bbox 334 3436 488 3514; x_wconf 72' lang='lat' dir='ltr'>constat.¹</span> <span class='ocrx_word' id='word_1_221' title='bbox 515 3430 652 3515; x_wconf 77' lang='lat' dir='ltr'>Scripsit</span> <span class='ocrx_word' id='word_1_222' title='bbox 676 3430 773 3494; x_wconf 87' lang='lat' dir='ltr'>etiam</span> <span class='ocrx_word' id='word_1_223' title='bbox 796 3429 871 3513; x_wconf 85' lang='grc' dir='ltr'><strong><em>περὶ</em></strong></span> <span class='ocrx_word' id='word_1_224' title='bbox 889 3431 957 3495; x_wconf 90' lang='grc' dir='ltr'>τῶν</span> <span class='ocrx_word' id='word_1_225' title='bbox 979 3425 1190 3516; x_wconf 81' lang='grc' dir='ltr'><strong><em>Ἰσοκράτους</em></strong></span> <span class='ocrx_word' id='word_1_226' title='bbox 1212 3437 1379 3518; x_wconf 79' lang='grc' dir='ltr'><strong><em>μαθητῶν</em></strong></span> 
     </span>
     <span class='ocr_line' id='line_1_29' title="bbox 230 3536 1379 3625; baseline 0.002 -21"><span class='ocrx_word' id='word_1_227' title='bbox 230 3537 283 3623; x_wconf 87' lang='lat' dir='ltr'>(cf.</span> <span class='ocrx_word' id='word_1_228' title='bbox 307 3539 424 3604; x_wconf 82' lang='lat' dir='ltr'>Athen.</span> <span class='ocrx_word' id='word_1_229' title='bbox 442 3539 473 3603; x_wconf 91' lang='lat' dir='ltr'>X</span> <span class='ocrx_word' id='word_1_230' title='bbox 491 3563 522 3624; x_wconf 91' lang='lat' dir='ltr'>p.</span> <span class='ocrx_word' id='word_1_231' title='bbox 536 3536 625 3622; x_wconf 83' lang='lat'>451).</span> <span class='ocrx_word' id='word_1_232' title='bbox 661 3536 828 3602; x_wconf 85' lang='lat' dir='ltr'>Laudatur</span> <span class='ocrx_word' id='word_1_233' title='bbox 851 3538 892 3602; x_wconf 89' lang='lat' dir='ltr'>ab</span> <span class='ocrx_word' id='word_1_234' title='bbox 911 3537 1074 3623; x_wconf 86' lang='lat' dir='ltr'>Hesychio</span> <span class='ocrx_word' id='word_1_235' title='bbox 1094 3562 1123 3604; x_wconf 88' lang='lat' dir='ltr'>v.</span> <span class='ocrx_word' id='word_1_236' title='bbox 1138 3540 1379 3625; x_wconf 83' lang='grc' dir='ltr'><strong><em>Λημοσθένης,</em></strong></span> 
     </span>
     <span class='ocr_line' id='line_1_30' title="bbox 229 3643 1378 3737; baseline 0.005 -29"><span class='ocrx_word' id='word_1_237' title='bbox 229 3647 396 3727; x_wconf 77' lang='grc' dir='ltr'><strong><em>Σίβυλλα,</em></strong></span> <span class='ocrx_word' id='word_1_238' title='bbox 422 3647 591 3726; x_wconf 83' lang='grc' dir='ltr'><strong><em>Φιλίσκος,</em></strong></span> <span class='ocrx_word' id='word_1_239' title='bbox 615 3666 695 3737; x_wconf 81' lang='lat' dir='ltr'>quos</span> <span class='ocrx_word' id='word_1_240' title='bbox 720 3645 807 3710; x_wconf 91' lang='lat' dir='ltr'>locos</span> <span class='ocrx_word' id='word_1_241' title='bbox 831 3643 950 3709; x_wconf 75' lang='lat' dir='ltr'>Muller</span> <span class='ocrx_word' id='word_1_242' title='bbox 973 3643 1023 3709; x_wconf 94' lang='grc' dir='ltr'>ΙΠ</span> <span class='ocrx_word' id='word_1_243' title='bbox 1041 3669 1072 3730; x_wconf 88' lang='lat' dir='ltr'>p.</span> <span class='ocrx_word' id='word_1_244' title='bbox 1092 3645 1135 3711; x_wconf 85' lang='lat'>35</span> <span class='ocrx_word' id='word_1_245' title='bbox 1152 3669 1217 3732; x_wconf 91' lang='lat' dir='ltr'>seq.</span> <span class='ocrx_word' id='word_1_246' title='bbox 1241 3671 1378 3733; x_wconf 87' lang='lat' dir='ltr'>prorsus</span> 
     </span>
    </p>
   </div>
   <div class='ocr_carea' id='block_1_6' title="bbox 227 3871 1378 4504">
    <p class='ocr_par' dir='ltr' id='par_1_8' title="bbox 227 3871 1378 4423">
     <span class='ocr_line' id='line_1_31' title="bbox 302 3871 1378 3945; baseline 0.005 -18"><span class='ocrx_word' id='word_1_247' title='bbox 302 3874 327 3942; x_wconf 87' lang='lat'>1)</span> <span class='ocrx_word' id='word_1_248' title='bbox 348 3873 446 3928; x_wconf 87' lang='lat' dir='ltr'>Suidas</span> <span class='ocrx_word' id='word_1_249' title='bbox 465 3891 575 3943; x_wconf 88' lang='lat' dir='ltr'>quoque</span> <span class='ocrx_word' id='word_1_250' title='bbox 593 3872 653 3944; x_wconf 89' lang='lat' dir='ltr'>ipse</span> <span class='ocrx_word' id='word_1_251' title='bbox 673 3872 780 3928; x_wconf 86' lang='lat' dir='ltr'>scholia</span> <span class='ocrx_word' id='word_1_252' title='bbox 798 3872 828 3926; x_wconf 90' lang='lat' dir='ltr'>in</span> <span class='ocrx_word' id='word_1_253' title='bbox 846 3871 1001 3928; x_wconf 90' lang='lat' dir='ltr'>Lucianum</span> <span class='ocrx_word' id='word_1_254' title='bbox 1025 3873 1185 3929; x_wconf 81' lang='lat' dir='ltr'>adhibuisse</span> <span class='ocrx_word' id='word_1_255' title='bbox 1205 3873 1331 3945; x_wconf 86' lang='lat' dir='ltr'>videtur,</span> <span class='ocrx_word' id='word_1_256' title='bbox 1355 3878 1378 3932; x_wconf 90' lang='lat' dir='ltr'>si</span> 
     </span>
     <span class='ocr_line' id='line_1_32' title="bbox 229 3952 1378 4023; baseline 0.006 -17"><span class='ocrx_word' id='word_1_257' title='bbox 229 3969 422 4023; x_wconf 86' lang='lat' dir='ltr'>comparamus</span> <span class='ocrx_word' id='word_1_258' title='bbox 442 3954 501 4008; x_wconf 91' lang='lat' dir='ltr'>eius</span> <span class='ocrx_word' id='word_1_259' title='bbox 519 3954 548 4008; x_wconf 91' lang='lat' dir='ltr'>in</span> <span class='ocrx_word' id='word_1_260' title='bbox 567 3953 684 4008; x_wconf 83' lang='lat' dir='ltr'>Luciani</span> <span class='ocrx_word' id='word_1_261' title='bbox 702 3952 762 4008; x_wconf 87' lang='lat' dir='ltr'>vita</span> <span class='ocrx_word' id='word_1_262' title='bbox 780 3953 1051 4009; x_wconf 82' lang='lat' dir='ltr'>animadversionem</span> <span class='ocrx_word' id='word_1_263' title='bbox 1070 3971 1131 4009; x_wconf 82' lang='lat' dir='ltr'>cunr</span> <span class='ocrx_word' id='word_1_264' title='bbox 1153 3955 1239 4012; x_wconf 88' lang='lat' dir='ltr'>schol.</span> <span class='ocrx_word' id='word_1_265' title='bbox 1260 3956 1378 4013; x_wconf 86' lang='lat' dir='ltr'>Lucian.</span> 
     </span>
     <span class='ocr_line' id='line_1_33' title="bbox 228 4027 1378 4104; baseline 0.003 -17"><span class='ocrx_word' id='word_1_266' title='bbox 228 4033 258 4087; x_wconf 89' lang='lat' dir='ltr'>in</span> <span class='ocrx_word' id='word_1_267' title='bbox 272 4051 308 4088; x_wconf 93' lang='lat' dir='ltr'>m.</span> <span class='ocrx_word' id='word_1_268' title='bbox 323 4032 467 4102; x_wconf 89' lang='lat' dir='ltr'>Peregrini</span> <span class='ocrx_word' id='word_1_269' title='bbox 482 4051 503 4088; x_wconf 92' lang='lat' dir='ltr'>c.</span> <span class='ocrx_word' id='word_1_270' title='bbox 521 4039 553 4087; x_wconf 87' lang='grc'>13</span> <span class='ocrx_word' id='word_1_271' title='bbox 569 4031 706 4101; x_wconf 82' lang='lat' dir='ltr'>(Jacobitz</span> <span class='ocrx_word' id='word_1_272' title='bbox 720 4032 759 4086; x_wconf 92' lang='lat' dir='ltr'>IV</span> <span class='ocrx_word' id='word_1_273' title='bbox 772 4051 799 4102; x_wconf 92' lang='lat' dir='ltr'>p.</span> <span class='ocrx_word' id='word_1_274' title='bbox 816 4038 892 4103; x_wconf 59' lang='lat'>240:</span> <span class='ocrx_word' id='word_1_275' title='bbox 912 4032 958 4089; x_wconf 85' lang='grc' dir='ltr'>οἷα</span> <span class='ocrx_word' id='word_1_276' title='bbox 977 4038 1082 4104; x_wconf 81' lang='grc' dir='ltr'><strong><em>ληρεῖς,</em></strong></span> <span class='ocrx_word' id='word_1_277' title='bbox 1103 4027 1124 4088; x_wconf 91' lang='grc' dir='ltr'><strong><em>ῶ</em></strong></span> <span class='ocrx_word' id='word_1_278' title='bbox 1143 4031 1287 4103; x_wconf 86' lang='grc' dir='ltr'><strong><em>κατάρατε</em></strong></span> <span class='ocrx_word' id='word_1_279' title='bbox 1302 4032 1378 4090; x_wconf 73' lang='grc' dir='ltr'><strong><em>κατὰ</em></strong></span> 
     </span>
     <span class='ocr_line' id='line_1_34' title="bbox 227 4108 1377 4188; baseline 0.002 -21"><span class='ocrx_word' id='word_1_280' title='bbox 227 4113 279 4168; x_wconf 83' lang='grc' dir='ltr'>τοῦ</span> <span class='ocrx_word' id='word_1_281' title='bbox 298 4114 421 4182; x_wconf 77' lang='grc' dir='ltr'><strong><em>σωτῆρος</em></strong></span> <span class='ocrx_word' id='word_1_282' title='bbox 434 4114 569 4182; x_wconf 81' lang='grc' dir='ltr'><strong><em>Χριστοῶ;</em></strong></span> <span class='ocrx_word' id='word_1_283' title='bbox 590 4108 622 4175; x_wconf 78' lang='grc' dir='ltr'><strong><em>ῶς</em></strong></span> <span class='ocrx_word' id='word_1_284' title='bbox 640 4129 670 4166; x_wconf 89' lang='grc' dir='ltr'><strong><em>σε</em></strong></span> <span class='ocrx_word' id='word_1_285' title='bbox 689 4110 738 4166; x_wconf 81' lang='grc' dir='ltr'>καλ</span> <span class='ocrx_word' id='word_1_286' title='bbox 756 4110 858 4169; x_wconf 80' lang='grc' dir='ltr'><strong><em>τούτου</em></strong></span> <span class='ocrx_word' id='word_1_287' title='bbox 878 4112 976 4169; x_wconf 76' lang='grc' dir='ltr'><strong><em>ἕνεκεν</em></strong></span> <span class='ocrx_word' id='word_1_288' title='bbox 990 4109 1129 4188; x_wconf 81' lang='grc' dir='ltr'><strong><em>άθανάτῳ</em></strong></span> <span class='ocrx_word' id='word_1_289' title='bbox 1149 4111 1313 4183; x_wconf 77' lang='grc' dir='ltr'><strong><em>παραδώσει</em></strong></span> <span class='ocrx_word' id='word_1_290' title='bbox 1329 4136 1377 4171; x_wconf 78' lang='grc' dir='ltr'>κο·</span> 
     </span>
     <span class='ocr_line' id='line_1_35' title="bbox 228 4186 1377 4267; baseline 0.003 -21"><span class='ocrx_word' id='word_1_291' title='bbox 228 4189 307 4248; x_wconf 88' lang='grc' dir='ltr'><strong><em>λάσει</em></strong></span> <span class='ocrx_word' id='word_1_292' title='bbox 326 4186 364 4256; x_wconf 89' lang='grc' dir='ltr'><strong><em>ῶς</em></strong></span> <span class='ocrx_word' id='word_1_293' title='bbox 382 4190 550 4267; x_wconf 76' lang='grc' dir='ltr'><strong><em>παραβάτην</em></strong></span> <span class='ocrx_word' id='word_1_294' title='bbox 565 4189 662 4247; x_wconf 78' lang='grc' dir='ltr'><strong><em>καὶτὰ</em></strong></span> <span class='ocrx_word' id='word_1_295' title='bbox 677 4187 799 4262; x_wconf 78' lang='grc' dir='ltr'><strong><em>ἡμέτερα</em></strong></span> <span class='ocrx_word' id='word_1_296' title='bbox 814 4191 994 4263; x_wconf 75' lang='grc' dir='ltr'><strong><em>διασύροντα.</em></strong></span> <span class='ocrx_word' id='word_1_297' title='bbox 1022 4187 1044 4247; x_wconf 79' lang='lat' dir='ltr'>d</span> <span class='ocrx_word' id='word_1_298' title='bbox 1063 4194 1113 4263; x_wconf 80' lang='grc' dir='ltr'><strong><em>τῆς</em></strong></span> <span class='ocrx_word' id='word_1_299' title='bbox 1131 4189 1295 4265; x_wconf 73' lang='grc' dir='ltr'><strong><em>ἀπεράντου</em></strong></span> <span class='ocrx_word' id='word_1_300' title='bbox 1310 4214 1377 4266; x_wconf 77' lang='grc' dir='ltr'><strong><em>συγ-</em></strong></span> 
     </span>
     <span class='ocr_line' id='line_1_36' title="bbox 228 4270 1376 4346; baseline 0.001 -17"><span class='ocrx_word' id='word_1_301' title='bbox 228 4272 334 4343; x_wconf 74' lang='grc' dir='ltr'><strong><em>χύσεως</em></strong></span> <span class='ocrx_word' id='word_1_302' title='bbox 352 4274 400 4328; x_wconf 85' lang='grc' dir='ltr'>καὶ</span> <span class='ocrx_word' id='word_1_303' title='bbox 415 4274 562 4346; x_wconf 79' lang='grc' dir='ltr'><strong><em>βδελυρίας</em></strong></span> <span class='ocrx_word' id='word_1_304' title='bbox 576 4270 668 4343; x_wconf 84' lang='grc' dir='ltr'><strong><em>πάσης</em></strong></span> <span class='ocrx_word' id='word_1_305' title='bbox 682 4272 821 4345; x_wconf 76' lang='grc' dir='ltr'><strong><em>γεμούσης</em></strong></span> <span class='ocrx_word' id='word_1_306' title='bbox 835 4271 1033 4343; x_wconf 75' lang='grc' dir='ltr'><strong><em>εὐτραπελίας,</em></strong></span> <span class='ocrx_word' id='word_1_307' title='bbox 1052 4273 1135 4344; x_wconf 73' lang='grc' dir='ltr'><strong><em>μιαρὲ</em></strong></span> <span class='ocrx_word' id='word_1_308' title='bbox 1151 4275 1200 4329; x_wconf 80' lang='grc' dir='ltr'>καί</span> <span class='ocrx_word' id='word_1_309' title='bbox 1214 4270 1376 4344; x_wconf 75' lang='grc' dir='ltr'><strong><em>ἀκάθαρτε,</em></strong></span> 
     </span>
     <span class='ocr_line' id='line_1_37' title="bbox 228 4347 1071 4423; baseline 0.002 -17"><span class='ocrx_word' id='word_1_310' title='bbox 228 4347 354 4423; x_wconf 85' lang='grc' dir='ltr'><strong><em>άλλάτριε</em></strong></span> <span class='ocrx_word' id='word_1_311' title='bbox 374 4354 425 4421; x_wconf 81' lang='grc' dir='ltr'><strong><em>τῆς</em></strong></span> <span class='ocrx_word' id='word_1_312' title='bbox 444 4353 515 4422; x_wconf 77' lang='grc' dir='ltr'><strong><em>ζωῆς</em></strong></span> <span class='ocrx_word' id='word_1_313' title='bbox 533 4352 582 4407; x_wconf 79' lang='grc' dir='ltr'>καί</span> <span class='ocrx_word' id='word_1_314' title='bbox 600 4351 698 4423; x_wconf 78' lang='grc' dir='ltr'><strong><em>μέτοχε</em></strong></span> <span class='ocrx_word' id='word_1_315' title='bbox 718 4356 769 4423; x_wconf 84' lang='grc' dir='ltr'><strong><em>τῆς</em></strong></span> <span class='ocrx_word' id='word_1_316' title='bbox 787 4353 905 4409; x_wconf 78' lang='grc' dir='ltr'><strong><em>αἰωνίου</em></strong></span> <span class='ocrx_word' id='word_1_317' title='bbox 924 4351 1071 4416; x_wconf 86' lang='grc' dir='ltr'><strong><em>κολάσεως.</em></strong></span> 
     </span>
    </p>

    <p class='ocr_par' dir='ltr' id='par_1_9' title="bbox 299 4432 1357 4504">
     <span class='ocr_line' id='line_1_38' title="bbox 299 4432 1357 4504; baseline 0.004 -18"><span class='ocrx_word' id='word_1_318' title='bbox 299 4435 327 4503; x_wconf 78' lang='lat'>2)</span> <span class='ocrx_word' id='word_1_319' title='bbox 346 4433 533 4488; x_wconf 88' lang='lat' dir='ltr'>Phavorinum</span> <span class='ocrx_word' id='word_1_320' title='bbox 552 4432 691 4501; x_wconf 86' lang='lat' dir='ltr'>Hesychio</span> <span class='ocrx_word' id='word_1_321' title='bbox 711 4433 819 4490; x_wconf 88' lang='lat' dir='ltr'>dedisse</span> <span class='ocrx_word' id='word_1_322' title='bbox 839 4434 995 4490; x_wconf 79' lang='lat' dir='ltr'>hariolator</span> <span class='ocrx_word' id='word_1_323' title='bbox 1012 4433 1118 4501; x_wconf 89' lang='lat' dir='ltr'>Maass,</span> <span class='ocrx_word' id='word_1_324' title='bbox 1140 4435 1231 4504; x_wconf 82' lang='lat' dir='ltr'>Biogr.</span> <span class='ocrx_word' id='word_1_325' title='bbox 1251 4453 1277 4504; x_wconf 93' lang='lat' dir='ltr'>p.</span> <span class='ocrx_word' id='word_1_326' title='bbox 1296 4441 1357 4491; x_wconf 77' lang='lat'>120.</span> 
     </span>
    </p>
   </div>
   <div class='ocr_carea' id='block_1_7' title="bbox 0 0 1460 5056">
    <p class='ocr_par' dir='ltr' id='par_1_10' title="bbox 0 0 1460 5056">
     <span class='ocr_line' id='line_1_39' title="bbox 0 0 1460 5056; baseline 0 0"><span class='ocrx_word' id='word_1_327' title='bbox 0 0 1460 5056; x_wconf 95' lang='lat' dir='ltr'> </span> 
     </span>
    </p>
   </div>
  </div>
 </body>
</html>
