2880 5054
619 313 832 369 Hssicffics,
1236 317 1298 383 103

146 469 358 552 ἀκούσαντος
387 472 426 540 δέ
450 499 542 554 τινος
569 475 625 541 καὶ
653 474 888 556 έπεξελθόντος
915 480 960 566 τῷ
991 478 1168 568 εἰρημένῳ,
1197 476 1238 546 τό
1265 505 1300 546 τε

146 578 291 666 γεγονὸς
309 577 513 666 ὡμολογήθη
532 581 588 648 καὶ
607 585 701 660 δίκας
721 585 849 648 ἔδωκαν
870 585 905 648 οί
916 588 1044 670 λῃσταί,
1064 579 1109 662 ὡς
1124 585 1159 650 ε’κ
1176 583 1299 652 τοῦτου

147 686 205 754 καὶ
230 692 413 775 παροιμίαν
436 688 596 773 γενέσθαι
620 690 674 753 ‘ai
692 684 825 773 Ἰβύκου
848 688 1019 776 γέρανοι’.]

240 794 500 863 OOCLXXXHI.
528 789 556 861 Ἰ
561 796 584 860 ’ὃ
596 805 696 872 αἴος
714 789 854 878 Ῥόδιος,
877 790 951 872 υίὸς
970 798 1111 880 Λισσοῦ,
1131 797 1297 878 ἐποποιός.

146 899 373 990 παρεμβαλὼν
412 904 526 986 στίχον
563 904 662 990 στίχῳ
700 901 854 967 ἐόίπλασε
886 899 949 987 τὴν
980 908 1117 988 ποίησιν
1144 901 1325 992 Ὀμήρουε

143 1005 304 1076 Ῥοδιακά
328 1010 375 1086 είς
395 1012 455 1092 ἔπη
479 1034 521 1097 ,γ.
568 1011 691 1095 ἔγραφε
713 1006 768 1073 καὶ
792 1004 885 1073 άλλα.

139 1188 147 1200 ,
241 1115 498 1183 COOLXXXIV.
530 1109 752 1198 Ἰδομενεὺς
772 1111 946 1201 ίστορικός.
980 1118 1125 1202 ἔγραφεν
1145 1120 1297 1203 ἱστορίαν

145 1225 216 1290 τῶν
239 1218 323 1288 κατὰ
346 1217 587 1309 Σαμοθρᾴκην.
1051 1309 1055 1317 .

240 1328 480 1396 OOCLXXXV.
499 1323 701 1416 Ἱεροκλῆς
715 1325 904 1413 φιλόσοφος
920 1324 1161 1416 Ἀλεξανδρεύς.
1186 1323 1297 1414 [οὗτος

146 1433 230 1522 μετά
249 1438 310 1504 τοῦ
331 1433 493 1524 άτρέπτου
511 1435 566 1502 καὶ
585 1438 856 1523 μεγαλοπρεποῦς
874 1432 995 1521 εῦρους
1013 1462 1047 1502 τε
1061 1436 1124 1523 τὴν
1140 1437 1296 1508 διάνοιαν
1311 1465 1337 1502 ιο

143 1546 195 1620 εἰς
233 1539 424 1630 ὑπερβολὴν
460 1541 514 1608 καλ
549 1542 720 1630 διαφέρων
753 1540 934 1631 εῦγλωττίφ
965 1542 1021 1609 καὶ
1053 1541 1195 1635 εὐπορίᾳ
1228 1549 1296 1615 τῶν

142 1653 333 1716 καλλίστων
357 1644 535 1735 ὀνομάτων
553 1650 608 1716 καὶ
632 1650 789 1736 ῥημάτων
812 1649 1009 1735 κατέπληττε
1027 1656 1198 1740 πανταχοῦ
1217 1653 1296 1734 τοὺς

142 1754 394 1842 ἀκροωμένους.
444 1745 487 1841 ἦν
520 1754 557 1822 δὲ
589 1751 678 1847 αὐτῷ
712 1756 768 1822 καὶ
795 1753 947 1842 μαθητὴς
974 1760 1166 1844 Θεοσέβιος,
1199 1756 1296 1848 ἀνήρ,

143 1872 238 1949 είπερ
266 1889 316 1941 τις
340 1849 450 1949 ἔτερος
473 1851 522 1928 ὧν
544 1859 637 1948 ἡμεῖς
662 1871 774 1947 ἴσμεν,
805 1860 934 1943 εἰωθώς
957 1861 1157 1950 ἀποβλέπειν
1182 1866 1215 1944 ές
1238 1864 1296 1945 τὰς

141 1974 212 2037 τῶν
242 1965 436 2055 άνθροόπων
460 1967 575 2060 ψυχάς.
622 1974 711 2055 έλεγε
735 1968 772 2035 δὲ
796 1966 813 2036 ὁ
839 1967 940 2048 αὐτὸς
963 1972 1139 2057 Θεοσέβιος
1163 1971 1295 2058 ἐξηγοῦ·
1310 1997 1336 2037 15

141 2102 249 2164 μενον
278 2076 384 2162 φάναι
414 2074 493 2143 ποτέ
521 2073 581 2143 τὸν
601 2072 781 2162 Ἱεροκλέα,
808 2074 925 2161 κύβοις
948 2076 1092 2145 ἐοικέναι
1116 2077 1195 2158 τοῦς
1220 2086 1295 2146 Σω-

140 2182 290 2272 κράτους
308 2180 441 2268 λόγους·
457 2179 611 2269 Ἱάπτιῦτας
629 2181 692 2270 γάρ
713 2178 799 2250 εἶναι
821 2188 1003 2271 πανταχοῦ,
1023 2182 1088 2274 ὅπη
1103 2181 1147 2253 iv
1161 2186 1295 2254 πέσωσι.

140 2294 204 2357 τοῦ
234 2288 272 2357 δέ
289 2286 494 2377 Ἱεροκλέους
521 2286 559 2356 τὸ
587 2287 747 2375 ἀνδρεῖον
774 2290 830 2356 καὶ
858 2289 1096 2378 μεγαλόθυμον
1125 2284 1213 2378 ἦθος
1236 2288 1295 2359 άπ-

141 2398 270 2476 έὸειξεν
297 2392 500 2482 ἡ,συμβᾶσα
523 2394 605 2482 τύχη
630 2396 704 2484 περὶ
728 2392 841 2463 αὐτόν.
888 2401 934 2476 είς
956 2397 1021 2483 γάρ
1044 2397 1082 2465 τὸ
1107 2398 1293 2480 Βυζάντιον

141 2499 303 2570 άνελθῦν
339 2503 564 2589 προσέκρουσε
596 2516 667 2581 τοῖς
697 2506 872 2589 κρατοῦσι,
908 2505 964 2570 καὶ
997 2508 1044 2582 είς
1078 2506 1295 2603 δικαστήριον
1308 2533 1334 2572 ιο

564 2612 571 2636 5

141 2595 261 2696 άχθεὶς
289 2607 442 2700 έτῦπτετο
469 2607 528 2689 τάς
555 2612 587 2690 εξ
616 2607 809 2696 ἀνθρώπων
839 2610 978 2696 πληγάς·
1007 2611 1166 2699 ῥεόμενος
1190 2612 1226 2680 δὲ
1249 2639 1293 2702 τφ

142 2719 275 2804 αἵματι,
298 2713 408 2802 βάψας
430 2721 548 2802 κοίλην
571 2713 632 2802 τὴν
655 2729 759 2804 χεῖρα,
783 2722 979 2804 προσραίνει
1002 2717 1062 2786 τόν
1085 2717 1203 2805 κριτὴν
1226 2717 1294 2806 ἅμα

140 2824 251 2909 λέγων
276 2824 458 2908 Ἵζῦκλωφ,
485 2828 542 2910 τη,
565 2828 618 2891 πίε
644 2821 754 2908 οἶνον,
779 2823 848 2916 ἐπεὶ
872 2823 976 2910 φάγες
998 2823 1170 2915 άνὸρόμεα
1193 2828 1294 2915 κρέα’.

141 2927 257 3017 φυγὴν
294 2929 332 2998 δὲ
365 2929 578 3016 κατακριθεὶς
610 2931 665 2997 καὶ
698 2928 895 3016 ἐπανελθὼν
927 2930 1038 3022 χρόνῳ
1071 2929 1214 3019 ῦστερον
1247 2938 1294 3014 είς

137 3035 393 3124 Ἀλεξάνδρειαν
422 3036 684 3124 συνεφιλοσόφει
712 3036 753 3105 τὰ
782 3036 926 3105 εἰωθότα
950 3053 1019 3119 τοῖς
1041 3038 1292 3126 πλησιάζουσιν.
1308 3065 1333 3105 ει

141 3148 247 3226 ἔξεστι
277 3144 314 3213 δὲ
341 3154 465 3233 μαθεῖν
493 3142 555 3231 τὴν
579 3141 781 3229 Ἱεροκλέους
809 3143 1094 3232 μεγαλογνωμονα
1122 3146 1292 3234 φρόνησιν

141 3250 209 3320 άπὸ
233 3255 301 3320 τῶν
324 3250 592 3339 συγγραμμάτων
617 3241 665 3319 ὧν
688 3251 856 3338 γέγραφεν
880 3255 926 3330 είς
949 3250 988 3318 τά
1011 3256 1117 3339 χρυσά
1143 3258 1202 3338 ἔπη
1224 3257 1292 3321 τῶν

140 3365 408 3447 Πυθαγορείων,
439 3359 495 3426 καὶ
531 3359 653 3445 ἑτέρων
683 3362 826 3443 βιβλίων
854 3359 929 3443 περὶ
956 3364 1118 3447 προνοίας
1146 3364 1291 3447 συχνῶν,

141 3454 189 3535 ἐν’
209 3459 260 3546 οἷς
289 3471 442 3552 φαίνεται
471 3462 489 3532 ό
517 3461 603 3551 άνὴρ
632 3463 693 3551 τὴν
718 3463 779 3551 μὲν
803 3462 889 3550 ζωὴν
912 3461 1139 3554 ὑψηλόφρων,
1167 3466 1230 3553 τὴν
1255 3466 1292 3535 δέ

144 3577 275 3660 γνῶ-σιν
299 3571 361 3641 οῦκ
383 3569 544 3661 ἀκριβής]

216 3742 424 3799 cchxxxm
443 3742 519 3798 Ειια.
538 3761 566 3811 p.
586 3747 646 3795 ιοε.
684 3740 723 3796 Cf.
743 3743 872 3809 ουσιαι,
892 3740 943 3810 Ep.
962 3741 995 3796 fr.
1015 3741 1041 3795 11
1059 3759 1086 3810 p.
1109 3748 1158 3796 113
1224 3750 1241 3797 4
1260 3737 1292 3805 ὃς

140 3825 209 3893 posi
233 3820 367 3886 ἐποποιός
390 3822 457 3876 addi
480 3823 541 3877 vult
559 3822 727 3892 Bernhardy
806 3829 821 3877 6
842 3817 937 3875 Ῥόὸια
959 3823 1031 3891 ναῖς.
1052 3819 1185 3876 Ῥοδιακά
1203 3824 1292 3877 Βακ-

141 3905 234 3972 ίιανάγ
253 3903 299 3958 cui
315 3903 375 3958 iure
389 3903 540 3973 displicent
558 3900 665 3970 ἔγραφε
680 3901 728 3955 καὶ
743 3897 812 3955 ἄλλα
832 3904 897 3956 ante
912 3897 1007 3955 Ῥόὸια
1027 3902 1176 3970 collocatc3
1197 3904 1291 3971 itaque

141 3984 181 4039 ad
199 3983 285 4038 finem
302 3984 377 4039 vitae
396 3984 494 4050 reieci,
515 3980 621 4051 ἔγραφε
641 3981 690 4035 καὶ
705 3973 789 4035 'Ama
804 3976 898 4034 Ῥόδια
918 3982 1079 4036 θκίειίινιίά

219 4061 426 4119 CCCLXXXIV
443 4063 539 4118 Alium
558 4080 616 4117 esse
637 4063 815 4116 Idomeneum
835 4060 1002 4129 Spartanum
1022 4061 1098 4130 apud
1116 4060 1197 4129 Diog.
1217 4060 1254 4126 X,
1274 4065 1289 4112 3

142 4146 172 4199 ei
191 4149 225 4198 10
245 4145 274 4199 ei
288 4142 415 4199 strabon.
430 4143 496 4196 mn
514 4161 540 4211 p.
557 4148 607 4196 589
627 4143 739 4210 putavit
752 4143 909 4208 Ιίιίαιελαε,
929 4141 999 4194 mire
1018 4141 1125 4210 lapsus:
1144 4157 1208 4193 nam
1228 4141 1289 4208 ipse

141 4223 191 4278 ille
210 4221 414 4292 Lampsacenus
433 4226 490 4292 est,
509 4223 544 4276 dc
561 4239 615 4291 quo
630 4220 701 4274 dixit
714 4222 815 4275 Mfiller
829 4219 855 4273 ΙΙ
868 4239 896 4290 p.
907 4227 959 4275 490
1023 4228 1039 4275 8
1055 4220 1110 4274 τῶν
1130 4237 1198 4274 corr.
1215 4219 1290 4273 Clin-

142 4306 205 4371 i0n‚
224 4303 289 4358 fast.
304 4303 343 4356 III
361 4321 389 4372 p.
405 4309 468 4369 488,
488 4301 601 4357 Lobeck
619 4300 758 4370 Aglaoph.
778 4321 805 4370 p.
827 4307 895 4355 1266
932 4296 983 4368 τὴν
1001 4302 1075 4368 ναῖς.

216 4381 409 4437 CCCLXXXV
436 4389 452 4437 9
476 4374 558 4444 οὗτος
577 4413 610 4421 -
631 4382 695 4436 exit.
716 4382 820 4436 Scidas
843 4379 993 4448 adscripsit
1014 4397 1048 4433 ex
1066 4377 1194 4434 Damaso.
1215 4381 1290 4450 apud

145 4462 227 4519 Phoc.
244 4481 273 4533 p.
291 4463 368 4518 338b
390 4461 524 4533 Hesychii
547 4461 606 4516 vita
628 4459 766 4530 neglecta.
810 4459 849 4517 Of.
868 4459 938 4516 Mus.
957 4460 1045 4514 Rhen.
1065 4458 1167 4513 XXXV
1190 4478 1217 4529 p.
1237 4466 1289 4514 213
