2910 5056
616 302 828 358 HESYCHIUS.
1273 303 1292 364 9

149 462 226 544 νίδς
240 463 400 550 Σατύρου
418 464 473 531 καὶ
489 468 745 552 Στρατοκλείας,
764 464 995 550 γραμματικός.
1034 453 1132 542 οὗτος
1150 463 1204 529 καὶ
1223 489 1297 548 τρα-

146 575 273 662 γῳδίας
302 578 460 658 ἔγραψεν,
489 570 534 652 ὡς
561 572 616 639 καὶ
644 577 712 640 τῶν
742 571 821 640 ἑπτά
849 575 1014 657 τραγικῶν
1045 573 1103 638 ἕνα
1126 573 1298 656 κριθηναι,

149 683 245 764 οἵπερ
270 680 502 766 ίπεκληθηοαν
525 677 545 765 ἡ
570 678 702 758 Πλειάς.

239 788 355 854 XXVI.
395 783 648 873 Ἀλέξανδρος
677 783 694 852 ὁ
722 787 903 864 Μύνδιος
933 785 1099 870 ἱστορικός
1121 839 1127 852 .
1148 838 1181 852 ..
1214 790 1296 868 [δια-

147 894 313 981 λαμβάνει
336 895 411 981 κερὶ
434 893 627 982 Γοργόνος]
1313 913 1325 952 ⁵

239 1003 375 1069 XXVII.
414 999 669 1089 Ἀλέξανδρος
698 998 715 1068 ὁ
744 1000 926 1086 Μιλήσιος,
955 996 992 1080 ὃς
1019 1006 1218 1085 Πολυίστωρ
1248 1003 1298 1067 ἐκ·

149 1107 277 1195 εκλήθη
305 1110 360 1177 καὶ
384 1107 589 1196 Κορνήλιος,
618 1107 705 1176 διότι
730 1112 909 1196 Κορνηλίῳ
932 1105 1109 1196 Λεντούλιμ
1139 1111 1300 1192 αίχμιιλω-

148 1217 279 1295 τισθείς
301 1215 431 1303 ἐπράθη
455 1216 510 1283 καὶ
539 1214 628 1306 αὐτῷ
657 1215 870 1299 παιδαγωγὸς
893 1215 1039 1300 ἐγένετο,
1068 1211 1138 1281 εἶτα
1161 1212 1299 1300 ἠλευθε-

148 1321 257 1407 ρώθη.
297 1315 342 1409 ἦν
366 1323 404 1390 δὲ
427 1325 463 1391 ἐν
482 1320 590 1411 Ῥάμη
614 1322 667 1389 ἐπὶ
690 1325 757 1390 τῶν
781 1320 898 1389 Σύλλα
921 1323 1052 1409 χρόνων
1076 1321 1131 1388 καὶ
1159 1322 1300 1388 έιιίταδε,

148 1427 302 1518 ἀνῃρέθη
320 1430 369 1510 ,δὲ
397 1433 435 1498 έν
463 1438 685 1515 Λανρενταίς,
713 1426 778 1496 ὑπὸ
807 1427 912 1512 πυρὸς
938 1433 996 1515 τῆς
1025 1434 1131 1508 οἰκίας
1159 1434 1299 1515 φθαρεί-
1315 1449 1340 1486 10

149 1556 223 1623 σης·
243 1537 298 1604 καὶ
322 1534 342 1623 ἡ
365 1535 452 1623 γυνη
476 1533 581 1604 αύτοῦ
599 1533 716 1622 Ἑλένη
740 1539 899 1621 μαθοῦσα
917 1535 954 1603 τὸ
975 1534 1106 1623 συμβάν
1124 1533 1301 1622 ἀπήγξατο.

149 1636 194 1730 ἦν
215 1643 252 1711 δὲ
270 1642 497 1733 γραμματικὸς
514 1647 582 1712 τῶν
600 1641 773 1730 Κράτητος
792 1647 962 1730 μαθητῶν.
997 1634 1095 1722 οὗτος
1113 1645 1301 1730 συνέγραψε

149 1754 265 1834 βιβλία
290 1749 440 1838 άριθμοῦ
462 1757 614 1836 κρείττω,
642 1750 697 1816 καὶ
719 1751 795 1836 περὶ
814 1747 940 1837 Ῥώμης
962 1755 1076 1836 βιβλία
1099 1752 1204 1818 πέντε.
1249 1750 1300 1833 [ἐν

148 1855 283 1936 τούτοις
305 1860 393 1944 λέγει
416 1856 461 1938 aig
484 1856 570 1945 γυνὴ
593 1859 732 1943 γέγονεν
749 1855 888 1944 Ἑβραία
912 1857 1043 1942 Maeni,
1068 1849 1106 1943 ἧς
1129 1858 1197 1924 ἐστι
1222 1855 1301 1943 σύγ-

151 1990 288 2051 γραμμα
313 1961 330 2031 ὁ
354 1963 432 2052 παρ’
454 1963 622 2052 Ἑβραίοις
644 1965 770 2052 νόμος]
1317 1980 1341 2020 1⁵

241 2073 393 2149 XXVIII.
420 2069 569 2152 ’Ἄλεξις
587 2070 732 2158 Θούριος
752 2069 856 2154 [ὅστις
875 2070 1038 2159 πρότερον
1058 2070 1210 2158 Σύβαρις
1229 2072 1301 2137 ε’κα-

149 2183 254 2260 λείτο]
287 2177 439 2265 κωμικός.
491 2179 620 2259 ἐδίδαξε
654 2177 804 2265 δράματα
837 2178 923 2266 σμέ,
959 2181 1077 2264 γέγονε
1109 2178 1147 2246 δὲ
1178 2177 1302 2265 πάτρος

149 2283 362 2372 Μενάνδρου
384 2289 445 2353 τού
467 2289 627 2373 κωμικοῦ,
651 2291 725 2373 ἔσχε
749 2286 786 2353 δὲ
809 2283 886 2354 υίὸν
913 2288 1092 2374 Στέφανον
1117 2287 1172 2353 καὶ
1196 2282 1301 2352 αὐτὸν

148 2418 310 2478 κωμικον.

241 2500 360 2584 XXIX.
394 2498 569 2579 Ἀλκαῐος
589 2498 767 2585 Ἀθηναῖος
790 2498 960 2586 τραγικός,
989 2499 1029 2567 ὅν
1052 2526 1140 2579 τινες
1163 2500 1302 2566 θέλουσι
1317 2515 1343 2554 2⁰

151 2608 289 2691 πρῶτον
312 2605 470 2693 τραγικὸν
493 2607 676 2692 γεγονέναι.
1233 2622 1237 2629 ’

228 2842 396 2910 rotnace
469 2854 485 2901 2
509 2845 615 2916 ἔγραψε
640 2845 688 2899 καὶ
711 2866 788 2915 τραγ.
812 2847 887 2916 Emi.
930 2849 971 2902 De
995 2848 1126 2902 extremis
1150 2847 1241 2902 verbis
1268 2847 1301 2900 ef.

148 2928 317 2995 Σωσίθεος,
335 2929 486 2998 Σοφοκλῆς
505 2928 540 2981 al.

226 3007 316 3061 XXVI
339 3008 457 3063 accessit
475 3026 509 3062 ex
528 3008 602 3062 Εκιί.
622 3026 648 3076 p.
668 3011 701 3061 86
722 3024 775 3061 om.
795 3008 907 3062 Saietae.
944 3009 984 3064 cf.
1004 3010 1115 3064 Untere.
1134 3028 1161 3078 p.
1181 3014 1224 3062 49.
1248 3007 1301 3062 La-

149 3105 257 3143 cunam
276 3089 341 3156 poet
359 3083 497 3156 ίστορικός
515 3086 645 3156 equidem
662 3086 792 3142 indicavi.
826 3088 866 3142 Of.
886 3109 912 3143 v.
929 3084 1047 3152 Ἀκύλας,
1086 3090 1163 3154 Quae
1182 3104 1303 3155 sequun-

148 3171 201 3222 tur
226 3166 313 3222 verba
336 3164 522 3239 διαλαμβάνει
546 3184 603 3235 seq.
627 3168 677 3221 aut
701 3183 735 3219 ex
753 3166 853 3222 Athen.
874 3168 897 3220 V
921 3186 948 3236 p.
968 3174 1018 3221 221
1044 3185 1061 3221 a
1083 3169 1188 3221 lectore
1208 3167 1302 3234 aliquo

150 3248 298 3317 adscripta
321 3251 370 3303 aut
393 3266 426 3303 ex
444 3249 573 3303 Eustath.
594 3247 644 3301 Od.
664 3267 691 3316 p.
714 3253 793 3315 17043
817 3250 908 3303 totam
931 3248 1019 3301 VItam
1037 3247 1184 3301 Eustathio
1209 3247 1305 3300 deberi

150 3328 313 3398 suspicatus
332 3331 375 3383 est
392 3328 493 3395 Puleh,
513 3329 548 3382 de
567 3328 640 3382 Viol.
659 3348 686 3397 p.
706 3336 740 3382 32
760 3328 800 3396 (et
817 3347 843 3398 p.
860 3333 904 3395 80)

227 3407 331 3461 XXVII
358 3408 452 3462 Habet
474 3413 497 3460 A
519 3409 549 3462 in
572 3407 711 3477 margine,
739 3409 789 3462 sed
811 3407 842 3462 in
865 3411 944 3462 textu
967 3414 990 3461 A
1015 3408 1088 3462 infra
1112 3407 1232 3461 occurrit
1256 3402 1303 3461 'Aa

150 3486 302 3557 Μιλήσιος.
331 3489 406 3544 aaa.
431 3507 457 3558 p.
479 3495 537 3543 106.
581 3487 620 3542 cf.
645 3487 747 3543 MiiIIer
770 3488 809 3542 III
832 3508 858 3558 p.
883 3494 942 3544 206.
985 3489 1024 3542 Cf.
1049 3508 1074 3542 v.
1096 3483 1245 3557 Ἀμμώνιος

151 3579 169 3626 6
192 3563 207 3623 ὁ
227 3565 358 3630 Μύνδιος
372 3569 542 3622 Ηαίίακακκ
597 3575 612 3622 7
633 3565 705 3622 διότι
725 3601 757 3608 -
778 3563 923 3638 ἀπήγξατο
942 3587 995 3624 om.
1011 3569 1086 3623 Εαιί,
1144 3575 1160 3623 8
1180 3565 1305 3636 ἐπράθη,

151 3654 191 3707 de
205 3668 261 3719 quo
275 3670 301 3707 v.
316 3650 503 3717 Ψαολιεικαίλ,
524 3650 616 3720 Symb.
636 3669 663 3719 p.
685 3655 734 3703 140
791 3654 823 3702 12
843 3645 990 3718 Κρατήτοο
1009 3653 1031 3700 A
1092 3655 1124 3701 13
1144 3649 1255 3719 βίβλους
1270 3679 1303 3687 -

151 3733 301 3801 κρείττους
320 3764 353 3772 -
373 3728 450 3800 παρά
470 3737 492 3784 A
512 3727 543 3786 ἒν
561 3727 671 3792 τούτοις
694 3747 750 3797 aeq.
775 3745 793 3781 a
811 3728 914 3783 lectore
938 3728 1033 3796 aIIquo
1053 3727 1149 3782 addita
1169 3744 1228 3781 esse
1248 3726 1305 3779 dixi

151 3813 227 3867 Mus.
247 3811 335 3866 ahen.
350 3811 454 3865 XXXV
472 3831 498 3880 p.
513 3818 564 3866 202
584 3809 709 3880 (iteravit
727 3808 828 3862 Suidae
848 3808 885 3877 gl.
900 3806 1008 3876 Μωσά,
1028 3826 1111 3878 quam
1132 3809 1268 3878 praebent
1281 3814 1304 3861 A

151 3894 186 3947 in
208 3909 297 3960 marg.
317 3895 395 3962 Ale).
465 3900 501 3947 .13
521 3891 585 3961 περὶ
599 3887 703 3961 Ῥώμης
727 3908 783 3944 non
801 3889 941 3944 diversum
960 3906 1021 3943 esse
1040 3890 1076 3943 ab
1093 3884 1211 3943 Ἰταλικά
1236 3889 1306 3943 vidit
1360 3889 1363 3895 '

151 3970 272 4036 Miiller,
294 3971 395 4039 quide
416 3971 547 4025 extremis
568 3971 669 4026 Suidae
689 3970 781 4024 verbis
801 3970 871 4023 dixit
889 3971 926 4023 ad
944 3969 976 4023 sr.
997 3975 1030 4023 25

229 4048 346 4104 XXVIII
365 4050 441 4105 Εαιί.
461 4069 487 4120 p.
505 4057 555 4105 102
574 4067 645 4119 quae
663 4053 730 4120 post
747 4047 871 4120 κωμικός
883 4050 998 4104 mirifice
1018 4067 1129 4105 sensum
1144 4052 1305 4120 pervertens

152 4128 285 4186 exhibet:
309 4123 396 4191 ὅστις.
409 4127 544 4198 πρότερον
564 4125 691 4200 Σύβαρις
709 4127 850 4199 ἐκαλεῖτο,
871 4131 957 4185 verba
974 4130 1147 4200 interpolata
1171 4146 1204 4183 ex
1227 4128 1304 4183 libris

153 4208 275 4276 Suidae,
308 4209 409 4277 quibus
437 4212 502 4279 poet
533 4228 630 4265 vocem
660 4207 780 4278 Θοάριος
810 4212 947 4280 leguntur.
995 4211 1110 4264 Tractat
1137 4210 1264 4264 Meineke
1293 4209 1304 4260 l

152 4309 183 4360 p.
204 4294 333 4358 314ιεη.
353 4283 578 4357 tengomenas.
604 4286 679 4354 ὅστις
698 4297 803 4345 Anxa
828 4288 859 4346 ἐκ
883 4286 990 4352 πόλεως
1009 4292 1150 4359 Θουρίων,
1169 4285 1230 4358 Ιἥτις
1244 4290 1305 4342 ten-

152 4367 232 4426 tavit
247 4370 352 4423 Μιλίία

231 4448 321 4528 XXIX
339 4449 415 4503 Ειιιί.
433 4468 460 4519 p.
482 4456 539 4506 102.
572 4452 652 4505 Hune
677 4454 791 4522 poetam
814 4451 953 4520 tragicum
975 4467 1030 4504 non
1049 4449 1188 4504 diversum
1211 4465 1269 4503 esse
1288 4467 1305 4502 a
