2880 5054
617 310 830 367 HBSYGHIUS.
1028 326 1030 330 '
1232 313 1295 376 159

143 471 204 537 καί
229 474 363 555 Βοιοῦς,
391 473 425 537 οί
447 468 483 537 δὲ
504 468 666 550 Ἰοκλέους
689 472 772 558 φασὶ
794 471 850 538 καὶ
873 476 1093 559 Μετανείρας,
1117 475 1153 538 οί
1174 472 1211 539 δὲ
1225 469 1296 556 Ἑρ·
1345 530 1349 536 .

144 581 225 662 poci.
269 579 387 661 γε’γονε
418 576 455 644 δὲ
484 575 567 644 κατὰ
594 580 656 664 μέν
684 576 886 663 τιναςμετδι
918 578 1116 664 Φημονόην,
1145 575 1229 645 κατόι
1259 577 1296 645 δὲ

145 681 272 762 ἄλλους
299 683 354 750 καὶ
381 681 446 771 πρὸ
475 682 584 770 αὐτῆς
631 689 753 772 ἔγραφε
782 682 819 751 δε
845 689 1068 769 κοσμοποιίαν
1097 689 1183 764 εἰς’
1171 689 1230 769 ε’πη
1256 711 1295 775 ε,

142 786 354 870 ’Λπόλλωνος
387 790 442 856 καὶ
464 786 652 877 Ἀρτέμιδος
683 789 801 876 γονός,
837 795 897 876 ἔπη
931 818 980 880 γ,
1010 787 1208 878 Ἀφροδίτης
1241 791 1296 857 καὶ

139 894 287 983 ’Ἑρωτος
310 894 426 981 φωνδις
448 896 502 963 καί
526 894 664 981 λόγους,
689 902 749 983 ἔπη
775 923 813 986 ε,
835 894 980 982 Ἀθηνᾶς
1004 902 1076 986 ἔριν
1098 898 1154 965 καὶ
1178 905 1296 965 Ποσει·
1311 918 1324 957 ⁶

150 1006 276 1089 δῶνος,
301 1008 360 1088 ἔπη
386 1030 436 1093 α,
460 1006 592 1087 Λητοῦς
614 1003 794 1090 πλόκαμον.

237 1129 352 1196 DOIV.
394 1133 690 1212 Παλαίφατος
721 1127 850 1214 Πάριος
882 1123 903 1213 ἢ
935 1130 1119 1213 Πριηνεύς,
1151 1127 1298 1215 γεγονὼς

147 1233 230 1304 κατόι
256 1232 492 1322 Ἀρταξέρξην,
528 1231 678 1302 ἀπίστων
710 1240 824 1321 βιβλία
857 1234 885 1300 ε’
919 1234 1020 1321 (τινὲς
1052 1235 1089 1303 δὲ
1120 1240 1222 1304 ταῦτα
1251 1241 1297 1315 εἰς
1352 1291 1360 1303 .

150 1339 211 1409 τόν
233 1337 415 1426 Ἀθηναῖον
439 1338 672 1430 ἀναφέρουσι).
714 1341 802 1428 πλὴν
824 1342 880 1409 καὶ
904 1333 1002 1421 οὗτος
1025 1348 1156 1431 ἔγραψε.
1172 1397 1179 1412 .
1194 1396 1223 1411 ..

237 1467 336 1534 DOV.
377 1471 640 1552 Παλαίφατος
665 1462 848 1551 Ἀβυδηνὸς
883 1465 1055 1642 ἱστορικός
1106 1466 1296 1555 Κυπριακα,
1312 1490 1337 1529 1⁰

149 1571 321 1658 Ληλιακιί,
348 1570 488 1659 Ἀττικοί,
514 1569 679 1660 Ἀραβικα
696 1571 837 1661 Ιγίγονε
861 1572 961 1641 δεέπ
963 1572 1216 1659 λἈλεξόνδρου
1238 1573 1298 1642 τοῦ

147 1677 362 1766 Μακεδόνος,
399 1678 536 1747 παιδικὰ
572 1679 609 1745 δε
638 1677 884 1766 Ἀριστοτέλους
915 1684 977 1748 τοῦ
1010 1680 1216 1768 φιλοσόφου,
1254 1678 1299 1760 ὡς

151 1792 266 1853 Φίλων
298 1789 336 1854 ἐν
362 1790 407 1878 τῷ
436 1785 468 1853 ε’
497 1791 646 1875 στοιχείῳ
675 1789 737 1853 τοῦ
763 1787 838 1872 περὶ
862 1786 1056 1872 παραδόξου
1080 1791 1226 1877 ίστορίας
1248 1793 1299 1873 βι-

148 1898 246 1978 βλίον
271 1892 305 1959 α’
329 1893 384 1960 καὶ
407 1891 583 1980 Θεόδωρος
606 1889 624 1958 ό
646 1888 761 1969 Ἰλιεὺς
784 1893 820 1959 ἐν
844 1892 879 1978 β’
907 1899 1073 1981 Τρωικῶν.
1094 1893 1099 1983 Ι

238 2010 354 2077 DOVI.
382 2014 644 2094 Παλαίφατος
661 2005 841 2093 Αἰγύπτιος
856 2008 862 2098 Ι
878 2003 901 2095 ἢ
920 2008 1098 2096 Ἀθηναῖος
1111 2007 1134 2097 Ι,
1149 2035 1338 2096 γραμμα-,ιι

221 2274 234 2321 1
255 2267 340 2330 Βιοῦς
357 2268 429 2337 ναῖς.
444 2267 519 2321 Eue.
535 2265 670 2327 ΒοιοῦςΒ
725 2270 742 2316 4
759 2261 831 2333 Ἆφρ.
850 2265 899 2318 καὶ
912 2262 970 2335 ”Ep
986 2261 1073 2335 γονόις
1091 2265 1212 2321 tentavit
1226 2266 1295 2320 Gro-

146 2351 253 2403 novius.
287 2347 416 2402 Ceterum
440 2347 595 2402 carminum
617 2346 743 2399 tabulam
762 2343 894 2398 ficticium
918 2362 976 2400 esse
999 2348 1102 2401 docent
1120 2347 1220 2416 Bergk.
1241 2347 1295 2403 Lit.

150 2430 194 2484 Gr.
215 2429 228 2482 I
246 2446 274 2497 p.
294 2432 346 2483 405
365 2430 423 2483 not.
443 2435 509 2497 270,
528 2427 626 2493 Hiller,
646 2426 714 2480 Mus.
734 2424 823 2478 Rhsn.
842 2424 961 2477 XXXIII
978 2443 1006 2494 p.
1022 2433 1073 2480 522

219 2514 307 2569 DCIV
325 2516 400 2571 Eud.
420 2536 447 2587 p.
468 2522 533 2585 601,
559 2532 630 2584 quae
649 2513 750 2583 incipit
772 2513 821 2566 καλ
841 2511 877 2568 ἔτ.
897 2516 968 2570 Παλ,
1007 2515 1087 2568 Hunc
1111 2530 1162 2568 nec
1181 2514 1296 2569 Parium

147 2612 199 2650 noc
214 2594 393 2650 Prienensem
407 2613 467 2652 esse
482 2596 532 2651 sed
545 2595 627 2650 Pario
640 2592 817 2662 Hellesponti
832 2595 923 2647 ortum
939 2594 967 2647 et
981 2593 1048 2647 olim
1063 2594 1197 2665 scriptum
1211 2596 1297 2652 fuisse

147 2670 312 2742 Παριηνεός
333 2675 473 2745 persuasit
492 2675 652 2730 Gatsctmid
675 2673 737 2728 coll.
759 2672 855 2741 Steph.
875 2673 938 2742 Byz.
961 2693 987 2729 v.
1007 2671 1118 2743 Πάριον
1143 2691 1197 2730 seo.
1217 2677 1296 2733 codd.

147 2754 210 2823 BV,
234 2753 283 2822 qui
302 2753 388 2809 etiam
411 2756 486 2810 hunc
508 2754 714 2823 Palaephatum
733 2752 885 2807 Artaxerxe
910 2752 994 2808 tertio
1018 2758 1153 2824 regnante
1176 2756 1212 2810 ad
1235 2756 1297 2809 Aii-

147 2834 277 2889 stotelem
309 2852 333 2890 a.
357 2841 508 2900 347—344
535 2833 652 2889 Atarnei
679 2836 837 2888 versantem
864 2833 972 2889 venisse
996 2852 1059 2890 cum
1083 2852 1172 2905 eoque
1196 2853 1221 2890 a.
1246 2844 1297 2891 334

150 2914 275 2969 Athenas
293 2915 423 2986 rediisse,
445 2915 519 2971 unde
538 2914 588 2969 alii
607 2930 671 2968 eum
694 2913 812 2968 fecerint
830 2913 1043 2984 Atheniensem,
1066 2915 1223 2984 suspicatus
1247 2920 1296 2972 est.

148 2994 190 3048 nd
209 2994 285 3048 hune
300 2995 392 3064 igitur
409 2999 537 3066 spectare
561 2995 613 3049 sub
631 3013 657 3049 v.
678 2995 805 3062 Παλαιφ.
822 2988 910 3067 Ἀβυιλ
929 2996 1015 3051 verba
1037 2995 1136 3064 γέγονε
1155 3027 1192 3036 -
1212 3001 1298 3064 Τραι-

147 3076 204 3130 κῶν
267 3082 283 3129 8
303 3074 409 3145 ἔγραφε
429 3076 494 3145 περὶ
513 3069 638 3128 ἀπίστων
657 3071 785 3142 ίστοριιόν
802 3077 825 3148 β.
842 3071 867 3128 ε’
880 3076 965 3145 Eua,
985 3093 1068 3145 quam
1088 3076 1239 3145 genuinam
1256 3078 1297 3130 iu·

149 3156 332 3225 scriptionem
356 3171 416 3210 esse
439 3154 512 3211 vidit
530 3154 709 3222 Bernhardp3
733 3172 819 3208 unum
842 3155 926 3209 hodie
950 3155 1052 3219 librum
1077 3157 1217 3210 servatum
1237 3173 1297 3210 csse

148 3238 272 3304 constat,
292 3235 341 3289 sed
360 3235 393 3290 cf.
409 3237 556 3290 Westerm.
576 3232 716 3302 Mythcgr.
736 3252 764 3302 p.
782 3233 848 3287 Xlll
920 3241 936 3288 3
956 3229 1105 3303 Ἀθηναῖον
1123 3234 1141 3287 i.
1161 3252 1184 3288 e.
1204 3250 1296 3303 gram·

149 3315 283 3370 maticum
356 3333 377 3368 s.
396 3315 441 3370 fin.
462 3315 600 3384 quaedam
624 3312 760 3368 excidisse
781 3314 874 3383 patet,
897 3314 962 3382 περὶ
984 3314 1149 3384 παραδόξου
1175 3315 1298 3384 ίσιορίας

151 3397 263 3466 supplet
281 3394 448 3469 Bernhardy
485 3390 590 3449 ἄπιστα
608 3393 736 3462 intellegi
755 3395 838 3463 putat
857 3393 1019 3449 concamio

218 3481 293 3538 DOV
312 3483 388 3539 Eae.
408 3503 435 3554 p.
450 3489 502 3538 583
559 3489 592 3537 10
611 3485 675 3551 post
694 3479 832 3551 ίστορικός
852 3484 947 3537 omnia
965 3501 1020 3539 om.
1033 3488 1058 3537 Δ
1113 3491 1145 3538 13
1164 3481 1190 3538 ν’
1211 3504 1295 3555 στοιχ.

149 3567 224 3620 Eud.
244 3564 310 3635 περὶ
329 3568 432 3634 παροδ,
452 3562 575 3633 ἱστορίας
594 3562 707 3617 omnino
727 3563 941 3633 expungendum
962 3567 1057 3619 censet
1069 3566 1245 3636 Bernhardy,
1266 3563 1296 3621 ἐν

147 3648 184 3718 τῷ
204 3645 271 3714 περὶ
293 3664 360 3716 παρ.
381 3644 430 3701 [ot.
451 3647 505 3716 βιβ.
525 3638 625 3712 πρώτῳ
643 3643 781 3698 Καείενιιε
805 3639 836 3698 ἒν
859 3644 897 3716 τῷ
921 3644 972 3712 τῆς
994 3643 1140 3714 τριτεόχου
1164 3645 1214 3714 τῆς
1232 3646 1297 3715 περὶ

148 3746 212 3798 παρ.
229 3723 279 3784 [ct.
297 3728 352 3800 βιβ.
367 3723 397 3780 α’
415 3726 520 3780 Μαλλίου
534 3724 573 3778 III
586 3740 613 3792 p.
629 3727 680 3777 5⁷3
697 3719 727 3777 ἐν
742 3724 780 3797 τῷ
796 3720 821 3778 ε’
842 3726 1030 3792 prosperatori,
1049 3718 1119 3794 ὅπερ
1136 3719 1194 3779 ἐστὶ
1208 3744 1296 3795 παρα-

148 3805 234 3874 δόξου
259 3805 382 3878 ἱστορίας
406 3806 513 3879 βιβλίον
538 3803 650 3869 πρῶτον
669 3802 842 3871 θυίειλιαίιίς
867 3803 909 3857 nil
932 3806 1096 3860 mutandum
1121 3823 1180 3861 esse
1204 3809 1297 3860 censet

148 3889 257 3957 Πυλαία,
271 3889 342 3944 Mus.
357 3886 445 3941 Rhen.
460 3883 577 3939 XXXIV
590 3903 618 3954 p.
633 3890 683 3939 561
700 3886 759 3944 not.
774 3891 800 3948 2,
818 3901 880 3938 cum
895 3884 1022 3939 Philonis
1037 3905 1102 3954 παρ.
1119 3882 1226 3954 ἱστορία
1240 3890 1297 3939 tres

149 3967 233 4023 libros
254 3967 442 4036 complectens
461 3964 490 4019 in
504 3965 593 4036 ipsius
608 3963 735 4020 Philonis
754 3963 814 4019 vita
831 3963 970 4032 laudetur,
991 3966 1023 4018 ut
1042 3966 1076 4018 de
1091 3967 1219 4024 ,amatore
1233 3962 1296 4018 Ari·

103 4082 112 4096 .
149 4047 250 4101 stotele
269 4045 361 4116 primo
380 4045 452 4100 libro
470 4045 583 4102 sublit.
603 4046 626 4098 B
646 4045 735 4114 (velut
759 4039 907 4112 ἐρώμενοι)
930 4044 1104 4113 disputatum
1123 4043 1167 4098 sit.
1205 4041 1296 4098 Minus

149 4128 228 4180 caute
248 4125 340 4178 totam
356 4124 444 4179 vitam
465 4140 498 4178 ex
515 4124 673 4178 Ptolemaei
691 4124 781 4192 Heph.
801 4121 925 4178 historiis
945 4123 1055 4178 fluxisse
1077 4124 1231 4179 hariolatus
1255 4125 1298 4180 est

148 4205 280 4272 Hercher,
299 4204 399 4259 Annal.
419 4203 515 4274 Suppl.
530 4204 543 4256 Ι
561 4223 587 4273 p.
605 4209 657 4258 286
719 4209 752 4257 14
771 4203 826 4257 τῶν
847 4205 982 4274 Τρωικῶν
1000 4205 1076 4258 End.
1095 4205 1130 4260 dc
1148 4203 1296 4260 Theodoro

149 4283 182 4338 cf.
201 4284 307 4339 Mfiller
324 4283 363 4339 IV
381 4302 408 4352 p.
423 4289 474 4338 513

218 4370 308 4427 DCVI
327 4371 402 4427 Eue.
421 4389 448 4440 p.
465 4377 517 4426 600
531 4370 702 4441 Aegyptium
721 4372 805 4427 fuisse
819 4373 961 4428 auctorem
979 4374 1130 4441 &solapius
1144 4371 1295 4442 Αἰγυπτια-

149 4453 199 4520 κῆς
218 4454 248 4507 et
265 4450 320 4507 hoc
338 4452 401 4520 ipso
420 4469 503 4520 opere
522 4469 603 4505 usum
623 4469 682 4506 esse
702 4452 835 4508 Malalam
854 4453 898 4521 (cl.
918 4471 944 4521 p.
965 4458 1000 4505 24
1019 4454 1049 4507 et
1067 4459 1119 4507 209
1139 4453 1182 4506 ed.
1197 4454 1295 4526 Bonn.)
