2880 5054
622 304 838 361 HESYCHIUS.
1257 306 1298 370 73

150 463 337 545 Πλάτωνος
371 463 561 553 ἡλικιώτης,
594 454 620 557 ᾧ
654 478 743 551 τρεῖς
772 465 927 552 ἐγένοντο
956 467 1154 553 θυγατέρες,
1184 464 1298 554 Ἀκτίς,

151 577 294 659 Δελφίς,
316 579 438 653 Φιλτίς.
465 574 521 641 καὶ
540 578 613 661 ἔσχε
631 571 714 661 πρὸς
729 571 953 661 ἀστρολογίαν
966 571 1156 661 ὑπερφυῶς,
1176 577 1302 662 ἔγραψέ

149 705 187 747 τε
219 687 355 748 πλεῖστα
382 684 443 748 τοῦ
468 683 580 760 είδους
601 679 739 766 τούτου,
763 681 818 748 καὶ
849 676 1081 769 ὀκταετηρίδα,
1112 687 1159 749 ἔτι
1188 682 1225 751 δὲ
1250 683 1295 750 δι’

151 786 244 854 έπων
261 768 501 873 ’ἀστρονομίαν

243 893 425 979 CCLXXX.
471 890 723 981 Εὐθυκλῆς.
769 897 836 962 τάν
865 893 1044 982 δραμάτων
1073 892 1325 964 nenoteanes

155 1008 288 1088 Ασωτοι
319 995 339 1087 ἢ
370 997 559 1086 Ἐπιστολή,
592 999 636 1080 ὥς
668 1020 772 1088 φησιν
792 999 973 1088 Ἀθηναιος
1004 1002 1040 1069 έν
1063 1015 1135 1082 τοῖς
1157 1011 1300 1070 Δειπνο-

154 1121 341 1194 σοφισταῖς.
1286 1116 1289 1121 '

245 1205 443 1274 OOLXXXI.
490 1203 710 1292 Εὐκλείδης
739 1203 915 1292 Μεγαρεύς
945 1204 1131 1295 (Μεγάρων
1165 1205 1202 1273 δὲ
1230 1209 1298 1274 τῶν

149 1315 190 1380 έν
217 1316 263 1404 τῷ
284 1309 441 1404 Ἰσθμῷ),
468 1313 670 1400 φιλόσοφος,
700 1314 816 1400 γέγονε
843 1312 881 1381 δὲ
907 1311 1062 1399 μαθητὴς
1085 1311 1298 1401 Σωκράτους,

152 1415 221 1502 [ὃς]
236 1419 291 1487 καὶ
305 1417 367 1506 τὴν
382 1420 416 1500 ἐξ
434 1417 538 1488 αὐτοῦ
553 1427 738 1505 κληθεῖσαν
756 1417 950 1507 Μεγαρικὴν
966 1422 1095 1502 αἵρεσιν
1111 1418 1298 1506 εἰσήγαγεν,
1315 1443 1340 1482 ιο

147 1522 195 1612 ἣν
224 1525 266 1612 δὴ
295 1525 351 1593 καὶ
374 1525 583 1614 διαλεκτικὴν
611 1528 666 1594 καὶ
690 1525 858 1613 έριστικὴν
888 1526 1174 1614 προσηγόρευσαν.
1217 1525 1295 1613 μεθ’

150 1628 196 1700 ὃν
217 1629 360 1720 Ἰχθύας,
383 1631 453 1702 εἶτα
472 1639 628 1715 Στίλπων
649 1638 748 1720 ἔσχον
771 1631 833 1718 τὴν
857 1631 990 1719 σχολήν.
1020 1634 1209 1719 συνέγραψε
1228 1636 1299 1701 δια-

147 1737 284 1825 λόγους,
306 1736 530 1827 Ἀλκιβιάδην,
550 1745 726 1828 Αίσχίνην,
746 1745 915 1826 Κρίτωνα,
937 1741 1090 1825 Φοίνικα,
1110 1745 1299 1826 Λαμπρίαν,

144 1840 328 1930 Ἐρωτικδν
350 1847 406 1914 καῖ
430 1845 513 1915 ἄλλα
535 1846 621 1915 τινά.

174 1987 178 1992 ,
241 1953 454 2021 COLXXXII.
499 1952 741 2041 Εὔμολπος
770 1950 973 2034 Ἐλευσίνιος
1004 1951 1078 2040 ἤτοι
1107 1951 1296 2040 Ἀθηναῖος,
1313 1976 1337 2016 15

146 2056 224 2138 υίὸς
249 2065 429 2128 Μουσαίου
451 2064 512 2128 τοῦ
535 2064 691 2146 ποιητοῦ,
715 2057 760 2138 ως
783 2060 822 2126 δέ
842 2086 946 2145 τινες,
970 2058 1122 2147 μαθητὴς
1142 2057 1297 2146 Ὀρφέως,

146 2163 308 2245 ἐποποιὸς
324 2170 393 2233 τῶν
415 2165 480 2252 πρὸ
499 2163 652 2254 Ὁμήρου.
689 2166 807 2253 γέγονε
831 2165 868 2234 δὲ
893 2167 948 2233 καὶ
967 2170 1191 2252 Πυθιονίκης·
1214 2166 1299 2254 πρὸς

146 2270 259 2356 λύραν
287 2270 350 2360 γάρ
374 2275 607 2342 ἐπεδείκνυντο
638 2276 674 2341 ολ
698 2279 841 2361 ποιηταί.
892 2265 989 2354 οὗτος
1018 2280 1140 2361 ἔγραψε
1167 2265 1298 2355 τελετάς

147 2377 331 2466 Δήμητρος
352 2381 407 2448 καλ
428 2378 490 2466 τὴν
514 2385 560 2460 είς
578 2378 707 2448 Κελεὸν
726 2379 842 2467 ἄφιξιν
860 2381 915 2448 καὶ
934 2379 1083 2467 τὴντῶν
1102 2387 1296 2467 μυστηρίων

144 2485 339 2572 παράδοσιν
370 2484 432 2574 την
460 2501 532 2566 ταῖς
557 2486 770 2572 θυγατράσιν
799 2485 904 2555 αὐτοῦ
932 2488 1133 2574 γενομένην,
1167 2492 1226 2574 ἔπη
1254 2485 1295 2555 τά
1310 2509 1336 2548 2⁰

144 2591 259 2661 πάντα
281 2600 460 2681 τρισχίλια,
484 2592 717 2683 χειροσκοπικδι
739 2598 842 2675 πεζάς
863 2599 996 2680 βιβλίον
1021 2597 1066 2663 έν.

145 2769 204 2826 δὸν
221 2770 389 2843 παρόμοιοι,
414 2790 485 2842 quae
504 2774 591 2827 verbe.
610 2773 645 2828 de
662 2789 713 2849 suo
727 2771 806 2826 illam
825 2772 966 2827 addidisse
985 2775 1067 2843 putet
1080 2774 1166 2827 Dauo
1222 2779 1236 2827 1
1253 2773 1293 2830 of.

145 2852 206 2907 Cio.
226 2853 320 2923 Diyin.
338 2852 377 2920 Π,
396 2859 430 2906 42

221 2931 367 2986 COLXXX
385 2934 461 2987 Εκά.
476 2949 506 3003 ·p.
523 2939 582 2988 291.
612 2931 943 3004 cf.Meineke1p.2es.
975 2934 1016 2988 De
1034 2933 1094 2989 vite
1110 2953 1136 2990 v.
1151 2934 1240 3004 Doub,
1260 2935 1295 3006 de
1358 2933 1361 2937 ’

145 3012 226 3066 Suid.
240 3012 260 3066 l.
275 3028 299 3066 e.
358 3007 531 3081 6ἡἘπιστ.
550 3017 573 3065 Δ
593 3013 661 3066 duos
679 3013 788 3068 fabulas
807 3014 978 3084 distinguere
997 3015 1105 3069 mavult
1118 3016 1203 3071 Daui>
1258 3013 1296 3079 ὡς
1390 3025 1393 3030 “

144 3124 180 3134 -
197 3092 262 3147 exit.
282 3109 336 3148 om.
350 3092 426 3148 End.
447 3094 492 3162 (of.
511 3094 612 3148 Athen.
632 3093 670 3147 111
688 3113 715 3164 p.
738 3097 810 3162 124),
835 3113 906 3164 quae
926 3097 988 3150 add.
1009 3092 1067 3150 έοτι
1090 3093 1122 3150 δὲ
1146 3096 1194 3150 καλ
1214 3087 1295 3158 οὗτος

142 3172 197 3240 τῆς
213 3166 333 3242 ἀρχαίας
347 3175 496 3245 κωμῳδίας
509 3174 584 3244 qnod
599 3191 633 3228 ex
645 3175 705 3229 vita
719 3174 864 3244 Hermippi
877 3175 1043 3239 translatum
1061 3191 1121 3229 esse
1136 3173 1195 3229 sino
1210 3190 1295 3229 cause

142 3253 250 3307 idonee
267 3252 424 3322 suspicatus
447 3256 491 3308 est
509 3254 602 3309 Dant.
640 3253 769 3309 Ceterum
793 3255 827 3310 of.
847 3254 946 3309 Snidns
969 3273 995 3310 v.
1019 3255 1087 3328 βοῦς
1106 3252 1225 3324 ἕβδομος
1243 3254 1292 3308 ubi

145 3331 284 3386 Atalante
303 3332 427 3388 eiusdem
445 3333 545 3402 poetae
564 3334 696 3389 laudatur

220 3411 376 3467 CCLXXXI
395 3412 436 3470 cf.
455 3411 535 3482 Diog.
555 3412 593 3480 ΙΙ,
614 3419 678 3481 106,
698 3418 762 3481 108,
783 3420 833 3467 112
912 3421 927 3468 9
950 3415 1037 3469 verba
1059 3411 1212 3483 γέγονε-
1230 3415 1293 3466 Σω-

142 3486 268 3561 κράτους
285 3492 341 3547 hue
358 3493 532 3562 transposui,
552 3511 615 3548 oum
633 3497 698 3564 post
716 3490 945 3563 προσηγόρευσαν
959 3495 1033 3548 male
1051 3493 1201 3548 exhibeant
1219 3492 1292 3548 libri.

143 3573 216 3628 Inde
236 3566 280 3643 ὃς,
299 3571 375 3642 quod
391 3572 567 3628 inseruerunt
584 3573 706 3628 editores
725 3576 790 3628 ante
805 3573 865 3643 καί,
885 3591 1122 3645 supervacaneum
1139 3573 1199 3627 fieri
1213 3574 1294 3642 petet

145 3661 181 3710 10
201 3647 234 3716 ὃς
252 3653 301 3709 καὶ
319 3650 371 3722 τὴν
389 3652 556 3724 Bernhardy
575 3647 606 3716 ὃς
624 3650 675 3723 τὴν
694 3654 831 3708 Κκείαννε
849 3653 898 3708 καλ
916 3649 968 3722 τὴν
987 3659 1088 3707 nvn
1108 3659 1167 3707 vett.
1188 3654 1246 3708 edd.

145 3740 180 3789 11
201 3728 238 3803 ἣν
257 3728 292 3802 δὴ
313 3750 368 3802 seq.
390 3749 443 3788 om.
462 3737 485 3785 V
521 3730 644 3803 sitinensi
663 3728 842 3802 διαλεκτικὴν
857 3765 890 3773 -
905 3737 1187 3802 προσαγορευθεῖσαν
1204 3733 1292 3786 Βωκ-

143 3816 238 3884 hardy
257 3816 332 3883 (nom
350 3807 387 3882 ἣν
405 3808 490 3882 δέχ-
505 3817 784 3883 προσαγορευθεῖσαν
798 3816 858 3882 AB)
876 3815 974 3881 Daui),
994 3815 1042 3883 qui
1059 3815 1154 3868 tamen
1173 3810 1225 3883 τὴν
1241 3812 1293 3866 ’καί

143 3911 202 3950 reo.
221 3890 447 3964 προσηγόρευσεν
466 3895 522 3948 αλδ,
544 3898 603 3949 vett.
661 3899 693 3947 13
710 3890 895 3963 Ἀλβιοίδηνλ
956 3895 1074 3948 Φοίνικα
1092 3899 1138 3946 BE
1158 3911 1191 3946 ex
1211 3892 1291 3962 Diog.

144 3974 185 4042 II,
208 3979 259 4029 108
277 3973 402 4028 restituit
427 3973 561 4029 Weoterm.
583 3975 715 4036 Φοίνικας
733 3975 804 4043 only.

219 4051 390 4107 GCLXXXII
408 4053 484 4107 End.
504 4072 531 4123 p.
551 4059 601 4108 201
666 4060 697 4108 15
718 4043 852 4116 ἐποποιός
869 4057 933 4124 post
949 4049 1095 4123 Ἀθηναῖος
1113 4055 1199 4108 habet
1213 4054 1290 4108 Eud.

145 4141 180 4191 16
200 4128 238 4196 ὡς
256 4130 290 4188 δέ
308 4152 382 4195 τινες
400 4138 487 4188 omv
561 4138 593 4186 19
612 4134 766 4188 carminum
784 4133 910 4188 tabulam
931 4134 1154 4188 commenticiam
1173 4150 1232 4187 esse
1249 4133 1290 4187 vi-

144 4213 189 4268 dit
207 4212 311 4279 Hillo,
329 4211 398 4268 Mus.
418 4212 506 4268 Rhen.
525 4211 641 4266 XXXIII
659 4231 686 4282 p.
706 4219 758 4267 022
774 4230 829 4283 seq.
920 4213 1022 4267 καλ-
1040 4209 1139 4282 ἄφιξιν
1158 4229 1192 4266 ex
1211 4212 1290 4266 libris

143 4295 209 4349 Par.
228 4291 293 4347 odd
312 4291 461 4359 Κκεῖσνκε,
480 4309 534 4348 om.
553 4293 702 4347 vett-edd.
722 4295 751 4347 et
769 4293 845 4350 Eud.
902 4300 936 4348 20
957 4291 1010 4362 ἔπη
1029 4324 1063 4332 -
1082 4293 1217 4362 τρισχίλια
1236 4309 1289 4346 om.

142 4373 221 4428 Eud.
296 4376 329 4425 21
349 4371 442 4426 looum
461 4376 531 4426 exA
550 4372 661 4426 sonavit
676 4372 824 4441 Knsteros3
843 4376 927 4428 antea
945 4373 1018 4427 enim
1037 4372 1184 4441 legebatur
1202 4392 1290 4441 χειρο·

143 4446 276 4511 sumant.
309 4445 432 4530 aegidi
452 4452 560 4529 βιβλίον
579 4450 624 4520 ἕνς
640 4484 673 4492 -
691 4449 891 4527 χειροσιιοπικδι
911 4448 943 4508 ἐν
961 4453 1025 4506 δυσί
1044 4452 1160 4527 βιβλίοις
1178 4453 1254 4509 End.
