2880 5054
612 333 824 390 HESYCHIUS.
1224 333 1285 396 147

140 499 267 581 ἔγραψε
291 495 585 582 προγυμνάσματα,
600 496 655 562 καὶ
679 497 814 581 μελέτας
833 492 1009 582 ῥητορικὰς
1026 494 1080 560 καὶ
1100 491 1184 560 άλλα
1202 492 1287 562 τινά.

143 600 288 688 ἤκμαζεν
316 600 369 666 ἐπὶ
393 601 538 679 Λέοντος
560 601 722 686 βασιλέως
751 604 812 668 τοῦ
839 598 1030 687 πρεσβύτου
1056 601 1111 667 καὶ
1140 602 1200 679 ἕως
1224 599 1287 686 Ζή-

142 735 255 786 νωνος
277 706 332 774 καὶ
353 705 580 774 Ἀναστασίου

230 816 364 881 DLVII.
400 812 605 893 Νικόλαος
627 813 760 902 Μύρων
785 816 844 900 τῆς
868 819 1008 900 Λυκίας,
1035 811 1182 900 άδελφδς
1206 823 1287 891 Λιο-

140 927 282 1006 σκορίου
310 925 538 1008 γραμματικοῦ
567 922 622 989 καί
649 919 804 1011 ὑπάρχου
838 923 892 988 καὶ
925 919 1056 1015 ὑπάτου
1087 924 1142 996 καὶ
1175 943 1314 1010 πάτριε

141 1034 229 1112 κίον,
255 1027 476 1114 σοφιστεύσας
493 1028 548 1095 καί
568 1025 669 1107 αὐτὸς
687 1030 724 1095 ἐν
743 1028 1112 1116 Κωνσταντινουπόλει,
1136 1028 1289 1116 μαθητὴς

142 1133 293 1222 γεγονὼς
315 1134 501 1222 Λαχάρους.
549 1140 672 1222 ἔγραφε
695 1135 815 1221 τέχνην
840 1135 1020 1222 ῥητορικὴν
1043 1137 1098 1204 καὶ
1121 1139 1265 1224 μελέτας.

232 1244 381 1309 DLVIII.
409 1240 642 1328 Νικόμαχος
660 1239 895 1326 Ἀλεξανδρεὺς
917 1247 1156 1330 τῆςΤρωικῆς,
1179 1271 1289 1332 τραγι-

143 1349 218 1433 κός,
241 1348 373 1434 γράψας
394 1353 581 1439 τραγῳδίας
604 1347 664 1433 ια’,
690 1339 738 1414 οἷν
761 1349 816 1414 καὶ
841 1353 926 1416 αἵδε·
953 1347 1183 1438 Ἀλέξανδρος,
1205 1349 1288 1437 Ἐρι-

143 1455 235 1541 φάλη
267 1449 313 1541 [ἢ]
343 1454 534 1542 Γηρυόνης,
560 1451 741 1540 Ἁλετίδης,
766 1454 772 1545 Ι
797 1460 974 1524 Εἰλείθυια
999 1457 1021 1548 Ι,
1045 1456 1288 1544 Νεοπτόλεμος,
1304 1477 1329 1515 1⁰

142 1567 277 1646 Μυσοί,
297 1565 468 1647 Οἰδίπους,
488 1563 613 1649 Πίρσις
631 1556 652 1646 ἢ
672 1563 863 1648 Πολυξένη,
884 1562 890 1654 Ι
914 1570 1086 1650 Τριλογία,
1106 1570 1288 1650 Μετεκβαί-

141 1687 264 1736 νουσαι
288 1667 312 1758 Ι,
341 1668 539 1757 Τυνδάρεως
563 1664 610 1755 [ἢ]
633 1666 834 1755 Ἀλκμαίων,
861 1674 1012 1757 Τεῦκρος.

232 1776 346 1842 DLIX.
382 1775 611 1862 Νικόμαχος
636 1771 814 1861 Ἀδηναϊος
839 1776 1011 1864 τραγικός,
1039 1775 1076 1858 δς
1099 1777 1288 1866 Εὐριπίδην

143 1883 341 1968 παραδόξως
363 1882 418 1949 καὶ
442 1883 587 1968 Θέογνιν
609 1883 748 1967 ἐνίκησε.
785 1887 853 1950 τῶν
877 1883 1055 1971 δραμάτων
1075 1883 1179 1953 αὐτοῦ
1198 1888 1289 1955 ἐστιν

143 1992 317 2068 Οἰδίπους.
1280 2009 1329 2054 ,ιο

232 2097 329 2165 DLX.
375 2095 605 2184 Νικόμαχος
637 2101 854 2184 Σταγειρίτης
883 2096 1087 2185 φιλόσοφος,
1120 2095 1195 2177 υίὸς
1229 2096 1290 2184 μὲν

142 2199 389 2291 Ἀριστοτέλους
415 2209 476 2273 τοῦ
505 2205 712 2290 φιλοσόφου,
742 2204 895 2291 μαθητὴς
923 2204 960 2272 δὲ
985 2204 1218 2293 Θεοφράστου,
1247 2201 1291 2283 ὡς

214 2397 375 2472 2ἤκμαζεν
389 2406 440 2455 AV
454 2402 529 2456 End.
548 2396 655 2470 ἤκμαζε
676 2397 708 2453 δε
723 2400 772 2454 rel.
827 2401 1016 2471 πρεσβυτέρου
1031 2403 1206 2471 Bernhardy,
1224 2420 1289 2470 πρε-

145 2475 251 2554 σβάτου
271 2480 349 2550 libri;
369 2482 403 2546 cf.
423 2501 448 2538 r.
465 2477 616 2550 ’,Ισίδωρος
635 2474 769 2552 Λιβάνιος
788 2480 823 2533 al.

213 2561 317 2616 DLVII
340 2561 414 2617 End.
434 2580 462 2631 p.
482 2567 542 2616 511.
582 2559 670 2614 Huius
694 2558 804 2614 Nicolai
827 2561 998 2617 mentionem
1025 2552 1094 2616 fecit
1116 2559 1216 2614 Marin
1239 2559 1290 2617 vit.

142 2643 237 2699 Procli
255 2660 279 2698 ο.
297 2649 342 2711 10,
361 2642 410 2697 ubi
428 2641 552 2696 Boisson.
571 2658 597 2709 p.
614 2645 647 2694 8¹1
666 2640 821 2709 perspexit,
844 2642 918 2695 huno
942 2660 1005 2696 cum
1027 2641 1213 2696 ,antecedente
1230 2639 1290 2694 iun·

141 2724 266 2792 gendum
286 2741 345 2779 esse
364 2722 463 2777 deletis
477 2720 569 2776 verbis
588 2718 697 2787 Μάρων
718 2715 750 2774 ἐκ
764 2722 884 2790 Λυκίας,
903 2739 974 2790 quae
993 2722 1105 2777 aliunde
1120 2719 1290 2791 irrepserint,

143 2803 192 2857 sed
211 2804 304 2872 ipsum
321 2802 492 2870 Hesychium
511 2801 613 2854 falsum
633 2815 692 2853 esse
710 2798 883 2868 probabilius
902 2801 1013 2855 videtur
1085 2808 1102 2855 4
1122 2803 1291 2871 Διοσκορίου

142 2882 242 2952 scripsi
265 2883 328 2939 coll.
352 2901 378 2937 v.
399 2877 564 2949 Διοσκόριος
584 2884 674 2948 Mon,
698 2881 884 2947 Διοσκορίδον
909 2882 974 2935 libri
998 2882 1048 2936 καὶ
1065 2877 1218 2951 Ἱππάρχου
1243 2880 1291 2935 καλ

139 2958 265 3017 Ὑπάτου
281 2964 368 3030 Πατρ.
382 2963 456 3032 culp.
471 2961 547 3016 End.
567 2959 615 3014 nni
630 2953 758 3027 ὑπάρχου
773 2965 822 3032 EV
842 2963 870 3015 et
888 2963 1006 3017 fortasse
1020 2966 1040 3014 B
1055 2980 1108 3017 om.
1123 2967 1151 3014 A'
1161 2962 1229 3016 olim
1243 2962 1292 3014 καλ

142 3036 255 3096 ὑπάτου
271 3060 344 3111 susp.
353 3043 545 3111 Βινκλιανάηο,
564 3056 626 3094 oum
641 3040 783 3094 consulem
797 3057 822 3094 a.
837 3045 889 3094 442
900 3041 1061 3095 Dioscornm
1076 3041 1162 3096 fuisse
1173 3041 1290 3106 constet,

143 3121 193 3175 καὶ
206 3124 273 3177 ante
288 3142 369 3192 πατρ.
385 3139 438 3178 οιιι.
454 3125 501 3174 ΔΒ
558 3119 637 3176 rael
652 3118 768 3188 μελέτας
784 3137 840 3176 om.
852 3121 927 3176 End.
942 3124 1018 3176 certe
1032 3139 1088 3176 non
1102 3122 1212 3176 diverse
1226 3120 1291 3174 sunt

144 3203 252 3258 alibro
272 3201 385 3272 μελέται
404 3199 563 3271 ὁητορικαί,
583 3199 699 3269 quasin
719 3200 780 3253 vita
797 3201 981 3256 antecedente
1000 3200 1230 3257 commemoravit

215 3280 331 3336 DLVIII
349 3282 425 3336 End.
440 3300 466 3350 p.
482 3285 542 3335 512.
576 3281 712 3334 Tractant
726 3278 854 3334 Meinelre
874 3280 886 3332 I
905 3299 931 3350 p.
947 3287 999 3336 496
1015 3297 1081 3350 seq,
1103 3281 1152 3348 qui
1170 3280 1310 3334 Alexan--

142 3363 256 3416 drinum
273 3379 331 3418 non
350 3361 491 3416 diversum
510 3376 568 3415 esse
583 3358 619 3414 ab
634 3360 811 3428 Atheniensi,
831 3360 948 3416 nSuida
967 3363 1060 3415 autem
1074 3359 1213 3429 tragicum
1228 3376 1290 3414 oum

144 3442 253 3496 comico
273 3442 405 3496 confundi
424 3438 560 3506 ostendit3
580 3439 691 3506 Nauck,
710 3439 780 3509 frag.
799 3443 871 3508 breg.
890 3458 917 3510 p.
932 3448 984 3495 591
1064 3446 1080 3494 9
1099 3434 1116 3510 ἢ
1134 3442 1200 3511 post
1218 3434 1290 3510 Ἐρι·

143 3518 220 3591 φόλη
240 3521 294 3575 del.
311 3521 479 3590 Bernhardy
530 3514 639 3587 Ἀλήτης
659 3520 797 3587 Meinehe,
813 3515 949 3589 Ἀλήτιδες
968 3522 1032 3576 Geel
1088 3526 1120 3574 10
1139 3519 1291 3575 Εἰλείθυια

142 3601 245 3656 comici
259 3599 385 3656 fabulam
403 3617 464 3656 esse
483 3599 594 3654 constat
649 3605 680 3652 11
700 3593 718 3667 ἢ
738 3603 803 3670 post
816 3599 920 3671 Πέρας
939 3602 992 3657 del.
1013 3602 1192 3672 Bernhardy,
1210 3618 1289 3655 revo-

143 3682 221 3738 cavit
238 3682 364 3738 Meinehc
378 3682 481 3748 Περσίς
494 3681 566 3748 only.
581 3696 650 3734 oorr.
662 3680 788 3736 Meinehe
802 3683 847 3751 (cf.
863 3701 887 3738 v.
898 3682 1048 3752 Κλεοφῶν)
1103 3683 1228 3753 τρι-λογίαι
1241 3698 1292 3750 pro

143 3762 299 3820 Comoedia
312 3760 413 3817 habuit
427 3759 567 3828 Welcker,
587 3759 655 3814 Tril.
670 3777 696 3828 p.
708 3765 761 3817 500
775 3779 825 3816 nec
842 3761 933 3816 minus
948 3762 1197 3835 Μετεκβαίνουσαι
1215 3759 1292 3815 vide-

142 3845 190 3898 tur
213 3841 316 3898 comici
334 3859 401 3898 esse.
423 3839 551 3894 Ceterum
573 3839 624 3893 hos
645 3839 703 3895 fere
723 3841 844 3909 relinqui
862 3842 1070 3910 tragoediarum
1089 3841 1186 3897 titulos
1210 3840 1293 3894 docet

142 3923 288 3979 Moineke.
311 3921 481 3988 Alexander,
505 3919 652 3988 Eriphyle,
679 3918 819 3989 Geryones
844 3923 891 3990 (?,)
919 3921 1057 3990 Aletides,
1083 3921 1293 3992 Neoptolemus,

143 4002 229 4073 Mysi,
250 4001 388 4086 Oedipus,
406 3999 553 4055 Excidium
565 3999 629 4055 sive
643 3999 794 4071 Polyxena,
814 4001 985 4070 Tyndareus,
1002 3964 1163 4068 Aldmnson,
1179 4001 1291 4055 Teucer.

143 4084 184 4138 De
203 4070 358 4138 errorib'ue
363 4080 477 4137 articuli
495 4079 530 4134 cf.
555 4079 639 4133 etiam
659 4080 772 4147 Rohde,
790 4079 860 4135 Mus
880 4080 968 4136 Rhen.
988 4081 1150 4150 XXXIVp
1164 4085 1217 4134 574
1233 4081 1291 4133 not

145 4170 177 4216 12
197 4156 215 4231 ἢ
235 4162 291 4217 del
311 4161 477 4230 Bernhardy

216 4240 307 4296 DLIX
325 4241 523 4338 End.p.518.
560 4241 639 4294 Idem
658 4244 782 4295 osteum
800 4241 990 4295 Alexandrino
1055 4245 1088 4296 14
1107 4231 1197 4293 αότοῦ
1217 4230 1317 4293 ἐστιν

143 4322 220 4379 End.
242 4317 374 4377 ἐστιν’
337 4341 428 4377 αυτου
416 4321 495 4376 ”rol
516 4318 674 4389 Tragoedia
692 4320 839 4391 Oedipus
831 4338 888 4376 ram
907 4338 992 4390 supro
1012 4319 1128 4374 laudata
1147 4321 1209 4373 ernt

215 4401 291 4457 DLX
309 4402 387 4458 nun.
405 4421 432 4473 p
448 4407 509 4457 508
538 4399 578 4455 cf
597 4399 755 4470 Meneg.1n
773 4400 853 4469 Diog
869 4400 946 4469 VIII,
964 4406 997 4454 88
1017 4399 1094 4467 etV,
1109 4404 1143 4452 35
1205 4393 1274 4451 17
1256 4419 1295 4462 ως

144 4514 177 4525 -
197 4478 321 4538 παιδικά
339 4499 395 4538 οιιι.
409 4482 485 4538 End.

177 4579 185 4589 '
1028 4565 1081 4621 10*
