2910 5056
586 301 868 361 Paeanoouuua
1213 302 1299 360 LXIII

134 473 325 554 apparent,
354 491 451 553 quam
479 469 513 532 in
538 468 739 553 Hieronymo
765 469 855 533 etin
880 466 1005 533 Graeca
1029 465 1209 552 Sophronii·
1230 492 1298 534 ver-

151 576 251 639 sione.
290 573 467 640 Poiissima
490 578 599 639 autem
623 575 691 640 eius
714 575 762 640 rei
786 575 936 660 exempla
954 579 1044 660 sunt,
1068 575 1153 658 quod
1176 597 1204 640 v.
1231 578 1298 639 Φί-

150 686 230 767 λων
252 679 280 746 ’I
283 682 356 746 ουδ
362 693 448 759 αῑος
471 683 504 746 in
529 679 646 748 Suidae
670 682 738 745 vita
760 669 880 766 legitur
903 680 977 767 περὶ
999 677 1174 747 Ἰουδαίων
1198 677 1241 763 α’,
1264 682 1298 745 in

152 787 348 872 Hieronymi
375 791 412 854 de
433 789 573 867 IaelaeiS,
601 789 635 852 in
659 787 833 872 Sophronii
860 787 935 874 περὶ
966 782 1156 868 Ἰουδαίων,
1188 789 1297 872 paullo

151 900 228 978 post
251 896 286 959 in
310 893 427 960 Suidae
450 896 520 960 vita
542 891 617 978 περὶ
644 895 705 959 τοῦ
729 893 903 973 Μωυσέως
925 897 1018 978 βίου,
1047 895 1094 971 είς
1121 889 1161 958 τά
1183 918 1297 978 χερον-

151 1005 227 1086 βίμ,
255 1000 403 1068 τουτέστι
426 997 488 1085 τὴν
511 1003 678 1085 φλογίνην
703 1000 890 1085 ῥομφαίαν,
918 1002 965 1078 είς
992 996 1053 1085 τὴν
1077 998 1299 1085 τιεντάτευχον

152 1107 328 1186 Μωυσέως
351 1105 406 1172 καὶ
434 1109 481 1184 είς
504 1101 609 1173 αὐτὸν
633 1109 701 1173 τῶν
725 1109 880 1192 Μωυσῆν
903 1104 999 1192 λόγοι
1023 1102 1098 1194 ε’ῗ),
1128 1109 1161 1171 in
1185 1106 1298 1172 Hiero-

150 1217 243 1301 nymi
271 1238 381 1281 eorum
410 1215 482 1281 loeo
511 1216 676 1301 leguntur:
707 1221 781 1280 saut
801 1221 830 1280 et
851 1216 918 1280 alia
944 1216 1009 1278 eius
1031 1219 1229 1279 αιοιιανιιινία
1250 1216 1298 1278 ia-

147 1325 249 1406 yeaii,
279 1344 359 1406 qaae
387 1324 423 1387 ιἰι
445 1327 568 1387 uestras
590 1343 712 1388 νιανιαε»
733 1343 796 1386 aori
819 1327 1036 1404 perseueraret,
1066 1321 1100 1386 in
1124 1320 1299 1404 Sophronii

151 1427 217 1495 ἐἰσί
240 1427 295 1494 καὶ
323 1429 416 1515 ἕτερα
445 1423 823 1515 συγγράμματα,ὀότιω
852 1430 899 1505 είς
917 1425 984 1515 ιτάς
1009 1423 1089 1512 έμάς
1116 1439 1227 1513 χεῖρας
1250 1427 1299 1493 ἐλ·

149 1533 272 1601 δόντα.
316 1537 355 1600 In
379 1559 407 1601 v.
433 1529 619 1620 Ἰώσηπος
647 1540 754 1601 autem
778 1534 893 1601 Suidas
917 1535 1052 1619 praebet
1075 1535 1133 1619 τῆς
1158 1529 1299 1600 Ἰουδαί-

148 1643 212 1727 aig
244 1637 478 1728 ἀρχαιολογίας
512 1634 647 1726 λόγους,
680 1641 898 1726 Hieronymus
930 1643 1163 1723 Antiquitatum
1198 1642 1300 1725 libror,

151 1748 357 1835 Sophronias
379 1750 438 1834 τῆς
460 1744 695 1834 ἀρχαιολογίας
718 1744 854 1832 λόγους,
885 1771 913 1813 v.
938 1740 965 1812 Ἰ
969 1758 1156 1824 ουστϊνος
1183 1745 1299 1813 Suidas

149 1857 194 1942 τῇ
218 1853 391 1946 συγκλήτῳ
409 1850 597 1940 Ῥωμαίων,
620 1853 753 1919 Hieron.
776 1857 912 1938 εαιαίιιί,
935 1852 1034 1938 Soph.
1057 1855 1097 1940 τῇ
1115 1850 1299 1943 συγκλήτῳ,

149 1983 230 2026 mox
248 1963 282 2027 in
302 1963 415 2027 eadem
435 1963 502 2028 vita
517 1962 634 2027 Suidas
653 1955 802 2045 ἀρχηγοῦ
821 1963 889 2026 τῶν
907 1960 945 2026 ἐν
965 1955 1091 2049 Ἐφέσῳ
1113 1956 1300 2043 Ἰουδαίων,

149 2066 287 2134 Hieron.
304 2071 479 2152 prinoipem
501 2070 705 2152 Iudaeorum,
729 2066 827 2152 Soph.
851 2061 1002 2152 ἀρχηγοῦ
1025 2068 1093 2132 τῶν
1113 2061 1299 2149 Ἰουδαίων,

148 2197 182 2240 v.
205 2171 411 2261 Θεόδωρος
436 2175 552 2242 Suidas
575 2171 734 2259 θαύματα
756 2169 840 2257 ὑπὲρ
860 2169 1061 2260 ἀνθρωττον,
1084 2172 1218 2240 Hieron.
1241 2176 1300 2239 iai·

147 2282 275 2365 rurale,
304 2279 401 2366 soph.
428 2281 601 2369 θαύματα,
632 2306 707 2348 mox
722 2279 847 2349 ,Suidas
876 2276 1086 2365 ἐτελεύτησεν
1114 2275 1164 2345 ἐπ’
1191 2277 1300 2365 Arioi]-

148 2389 285 2470 λιανοῦ,
308 2390 428 2473 quade
450 2414 485 2456 re
509 2395 619 2456 tacent
638 2390 857 2473 Hieronymus
882 2392 915 2452 et
933 2372 1147 2474 Sophronias,
1172 2410 1200 2453 v.
1221 2385 1300 2451 Δό·

149 2513 277 2579 μασος
300 2494 414 2563 Suidas
439 2500 561 2582 ἔγραψε
585 2494 639 2563 καὶ
663 2492 747 2562 ἀλλα
770 2491 890 2573 τολλά,
919 2517 1001 2580 quae
1025 2517 1086 2560 om.
1110 2492 1242 2559 Hieron.
1267 2498 1299 2558 eb

150 2601 261 2687 Soph.‚
285 2625 313 2666 v.
332 2599 562 2688 Ἐτιφάνιος
587 2604 702 2670 Suides
722 2603 976 2678 Κωνσταντείας
994 2603 1052 2685 τῆς
1070 2597 1214 2686 Κύπρου
1232 2600 1300 2666 ἐτί-

150 2725 291 2790 σαοτιος,
319 2710 377 2794 τῆς
403 2705 566 2796 πρότερον
590 2712 801 2794 Σαλαμίνης,
829 2708 961 2774 Hieron.
986 2707 1082 2792 (λγγνί
1103 2707 1301 2774 Salaminiae

149 2817 321 2899 episeopus,
352 2816 449 2901 Soph.
476 2813 620 2903 Κύπρου
648 2821 777 2900 Σαλαμ.
804 2815 868 2899 ἕνα,
898 2840 926 2881 v.
955 2811 1161 2892 Μεθόδιος
1185 2813 1300 2880 Suidas

151 2924 296 3005 Λυκίας,
319 2917 393 3005 ἤτοι
422 2919 600 3008 Πατάρων,
623 2923 758 2989 Hieron.
780 2924 907 3008 Ιιγιίαο,
930 2921 1028 3007 Soph.
1052 2924 1178 2998 Λυκίας
1201 2923 1243 2986 al.
1397 2939 1399 2942 ⁴

242 3036 313 3102 Iam
338 3037 379 3101 ad
402 3038 606 3122 propositum
626 3043 776 3104 nostrum
797 3039 938 3104 transire
957 3037 1075 3103 licebit.
1113 3035 1193 3102 Cum
1213 3038 1299 3102 enim

151 3143 311 3208 eiusmodi
343 3144 438 3228 locis,
471 3166 552 3229 quos
585 3147 786 3229 enumeravi,
817 3167 920 3230 neque
952 3167 989 3209 ex
1021 3144 1124 3209 multo
1152 3143 1299 3210 uberiore

152 3247 338 3334 Sophronio
358 3246 392 3337 (i.
407 3271 432 3314 e.
452 3250 552 3315 etiam
565 3248 781 3338 Hieronymo)
800 3251 934 3316 Suidam
955 3273 1013 3315 sua
1031 3250 1178 3316 hausisse
1197 3242 1300 3335 neque

153 3356 315 3441 exipsius
339 3356 469 3442 ingenio
489 3358 650 3423 addidisse
668 3359 841 3443 probabile
860 3360 912 3443 sit,
935 3358 1014 3424 duos
1033 3358 1175 3423 vitarum
1192 3357 1300 3423 fontes

153 3463 319 3529 adhibitos
348 3485 419 3529 esse
447 3466 587 3549 patebit,
617 3467 702 3551 quod
730 3469 816 3532 uerte
844 3453 1004 3531 aSuidae
1032 3465 1159 3529 ratione
1187 3465 1300 3548 procul

153 3569 329 3663 abhorrere
357 3571 428 3655 quis
457 3575 507 3636 est
534 3574 590 3657 qui
618 3573 769 3658 ignoret?
815 3572 929 3656 Itaque
955 3595 993 3637 ex
1016 3571 1165 3636 Philonis
1190 3571 1300 3637 Iudaei

153 3677 278 3762 glossa,
307 3678 380 3762 quis
403 3673 521 3742 Suidae
545 3679 703 3746 eiusmodi
727 3680 811 3745 vitas
835 3679 1063 3764 suppeditandi,
1090 3679 1180 3744 nullo
1205 3700 1300 3763 opere

154 3783 333 3849 edocemur.
380 3783 486 3860 Quam
510 3784 538 3849 si
562 3788 741 3852 accuratius
766 3787 1003 3869 examinamus,
1025 3792 1103 3870 post
1125 3786 1226 3850 verba
1248 3782 1300 3851 λό-

153 3913 209 3972 γοι
237 3886 266 3954 ε’
290 3890 376 3955 vitae
400 3891 512 3955 ordine
536 3893 734 3977 compositae
758 3897 792 3957 et
815 3894 982 3978 eleganter
1004 3893 1154 3958 redactae
1178 3893 1300 3957 exitum

154 4016 227 4060 esse
253 4000 345 4080 patet
370 3994 497 4083 (eadem
524 3998 559 4062 in
588 4001 686 4065 verba
717 3998 835 4065 desinit
863 4000 962 4064 etiam
989 4001 1057 4064 vite
1085 4001 1126 4065 ab
1154 3998 1301 4064 Eudoeia

152 4126 184 4188 p.
199 4103 263 4168 721
275 4125 339 4189 seq.
353 4101 541 4189 descripta),
555 4106 653 4170 verba
667 4105 803 4190 λέγουσι
816 4107 939 4172 τοῦτον
952 4144 989 4153 -
1003 4101 1167 4190 ἀφέλειαν
1181 4109 1299 4189 ἔχοντα

152 4231 193 4273 ex
216 4208 327 4273 eodem
342 4209 475 4275 Suidam
498 4210 589 4275 fonte
608 4213 648 4277 ad
671 4215 804 4278 verbum
824 4213 1048 4300 adscripsisse,
1071 4213 1155 4277 unde
1174 4212 1299 4296 relique

229 4368 256 4434 1)
274 4364 333 4421 Hae
349 4384 380 4438 re
398 4367 517 4423 fortasse
534 4368 635 4423 Suidas
653 4369 769 4439 fallitur,
789 4369 856 4439 quia
874 4371 903 4425 in
918 4370 1067 4441 Sophronii
1084 4370 1143 4426 vita
1156 4372 1240 4424 antea
1258 4371 1298 4425 le-

147 4447 233 4519 gitur
252 4443 292 4508 είς
309 4447 392 4503 πέντε
411 4445 512 4517 λόγους
529 4448 683 4512 Μωυσέως.
