2880 5054
531 305 744 364 HESYCHIUS.
1145 304 1208 370 109

60 469 296 556 κουτάβιβλος,
330 466 350 555 ἡ
383 472 494 536 πᾶσαν
531 466 683 555 ίατρικην
716 465 897 555 ἐπιστήμην
930 495 964 535 τε
996 468 1051 534 καὶ
1084 472 1209 554 σοφίαν

61 579 311 666 ἐμπεριέχουσα.
1018 640 1024 650 ,

152 685 317 753 OOOOIH.
349 680 606 769 Ἱπποκράτης
626 686 837 749 Γνωσιδίκου
860 681 945 766 υίός,
970 685 1078 772 Κῷος,
1102 679 1208 767 πατὴρ

57 791 280 878 Ἡρακλείδου
298 794 360 857 τοῦ
381 789 506 876 πατρὸς
523 786 771 873 Ἱπποκράτους,
796 787 910 875 ίατρδς
932 788 987 855 καὶ
1010 786 1125 872 αὐτός,
1148 790 1209 854 τοῦ

61 900 183 986 γένους
200 902 269 965 τῶν
289 895 548 982 Ἀσκληπιαδῶν.
580 894 740 981 ἰατρικήν.
1223 915 1236 956 5
1320 949 1323 954 .

152 1006 317 1073 OOCOIV.
357 1000 616 1089 Ἱπποκράτης
638 1001 822 1086 Θεσσάλου,
847 1005 946 1092 Κῷος
967 999 1094 1087 ίατρός,
1118 1004 1209 1085 ε”γμο-

61 1140 121 1192 νος
158 1111 196 1178 δὲ
223 1108 459 1196 Ἱπποκράτους
495 1113 556 1175 τοῦ
593 1108 751 1194 δευτέρου
783 1112 844 1176 τοῦ
873 1111 951 1175 νίοῦ
980 1105 1209 1194 Ἡρακλείδου.

64 1225 187 1306 ἔγραψε
210 1218 266 1285 καὶ
290 1215 391 1296 αὐτὸς
413 1215 553 1303 ίατρικά.

152 1326 299 1393 OOOOV.
331 1321 587 1409 Ἱπποκράτης
612 1322 776 1408 τέταρτος,
804 1319 822 1389 δ
849 1319 1055 1409 Δράκοντος,
1085 1319 1209 1407 ἰατρός,

26 1490 29 1494 .
62 1436 162 1523 Κῷος
175 1432 231 1498 καί
247 1428 357 1516 αὐτός,
378 1433 439 1499 τοῦ
454 1426 558 1496 αὐτοῦ
576 1410 707 1514 μένους,
727 1425 764 1509 ὃς
782 1429 934 1514 ίάτρευσε
952 1427 1014 1515 μέν
1028 1426 1209 1514 Ῥωξάνην,
1224 1451 1249 1490 ιο

63 1535 128 1605 ὑπὸ
160 1537 197 1605 δὲ
220 1536 428 1624 Κασάνδρου
454 1539 604 1625 τελευτῷ,
631 1539 692 1603 τοῶ
718 1539 797 1603 υίοῦ
817 1532 1042 1624 Ἀντιπάτρου.
1088 1540 1210 1622 έγρανε

61 1645 115 1712 καὶ
140 1639 244 1722 αὐτὸς
266 1641 405 1730 ἰατρικά.

154 1750 318 1819 CGOOVI.
346 1736 601 1834 Ἱπποκράται
625 1747 700 1834 δύο,
723 1749 867 1836 πέμπτος
885 1751 941 1817 καὶ
962 1752 1064 1835 ἕκτος,
1089 1753 1208 1838 ἰατροί,

64 1863 262 1944 Θυμβραῖον
285 1859 414 1942 παῖδες,
437 1858 532 1946 Κῷοι
555 1857 610 1922 καὶ
634 1853 747 1941 αὐτοί,
775 1861 837 1925 τοῦ
860 1860 980 1943 γένους
1003 1860 1064 1923 τοῦ
1092 1855 1206 1923 αὐτοῦ.

63 1970 214 2051 ἔγραψαν
237 1959 421 2049 άμφότεροι
445 1966 492 2042 είς
514 1960 576 2048 τὴν
600 1960 705 2047 αὐτὴν
729 1961 921 2049 ἐπιστήμην.
1224 1983 1249 2023 15

152 2070 335 2139 OOOOVH.
371 2065 630 2154 Ἱπποκράτης
653 2070 804 2155 ἕβδομος,
830 2074 930 2161 Κῷος
952 2072 1007 2138 καί
1027 2067 1138 2156 αὐτός,
1164 2074 1177 2135 ί
1198 2109 1210 2119 -

61 2177 149 2266 τρός,
168 2175 421 2264 Πραξιάνακτος
438 2188 526 2259 παῖς,
548 2176 604 2241 καὶ
624 2173 724 2255 αὐτὸς
743 2177 778 2243 ἐκ
798 2180 859 2244 τοῦ
878 2178 998 2261 γένους
1016 2180 1076 2245 τοῦ
1096 2174 1210 2245 αὐτοῦ.

63 2290 187 2371 ἔγραψε
209 2281 265 2350 καὶ
289 2278 390 2361 αὐτὸς
413 2286 460 2360 είς
482 2280 542 2349 τὸν
566 2279 825 2369 αὐτὸντρόπον.

151 2390 351 2477 GOOCVIII.
381 2385 633 2472 [Ἱππόλυτος.
663 2379 760 2467 οὗτος
781 2393 926 2479 ἔγραψεν
945 2396 991 2472 είς
1005 2391 1063 2471 τάς
1079 2389 1211 2479 δράσεις

62 2500 122 2566 τοῦ
147 2493 281 2581 Δανιὴλ
305 2491 563 2582 ὑπόμνημα-καὶ
588 2500 634 2574 είς
657 2493 714 2574 τὰς
736 2504 916 2584 παροιμίας
939 2504 1182 2586 Σολομῶντος]
1222 2516 1249 2557 2⁰

150 2603 315 2672 GOCCIX.
344 2598 479 2693 [isnave
499 2598 652 2688 Ῥηγῖνος
680 2603 858 2691 ἱστορικός,
888 2605 1035 2690 γεγονῶς
1066 2607 1209 2674 ἐπὶτῶν

61 2713 255 2797 Περσικῶν,
294 2703 331 2786 ὃς
362 2711 491 2795 πρῶτος
530 2714 652 2795 ἔγραψε
689 2708 748 2789 τδις
782 2709 958 2790 Σικελικάς
990 2714 1139 2800 πράξεις,
1172 2710 1211 2791 άς

63 2815 204 2905 ὕστερον
228 2814 331 2901 Μάης
357 2817 539 2902 ἐπενέμετο
568 2821 676 2903 κτίσιν
701 2813 855 2903 Ἰταλίας,
885 2823 1071 2887 Σικελικῶν
1096 2825 1210 2906 βιβλία

62 2922 101 3009 ε’,
124 2919 264 3010 χρονικδι
288 2924 325 2990 ἐν
347 2927 492 3009 βιβλίοις
515 2922 555 3010 ε’,
576 2920 778 3010 ’Λρνολικῶν
802 2924 846 3012 μ’.

132 3171 261 3228 ccccm
280 3173 355 3228 Eud.
370 3192 398 3243 p.
414 3179 465 3227 401
521 3179 537 3226 3
556 3172 638 3245 Κῷος
656 3193 681 3230 κ.
701 3169 763 3231 ου’τ.
779 3176 829 3231 τοῦ
850 3174 951 3245 γένους
965 3196 988 3231 τ.
1005 3172 1096 3242 Ἀσκλ,
1116 3174 1210 3246 ίατρός

61 3255 108 3312 rel.
129 3272 183 3309 om.
204 3253 280 3308 Eud.
371 3248 571 3324 4Ἡρακλείδα
587 3258 610 3305 V
629 3249 812 3322 Ἡρακλείδου
831 3257 880 3310 rel.
963 3262 979 3309 5
1004 3252 1114 3326 ίαιρικά
1138 3257 1209 3311 coni.

63 3335 230 3404 Bernhardy

132 3412 296 3468 cccclv—
304 3412 445 3468 ccccvss
459 3413 535 3467 Eud.
550 3414 568 3467 l.
585 3431 608 3468 ο.
661 3421 676 3469 7
695 3414 832 3484 προτέρου
847 3415 922 3470 Eud.
979 3421 995 3469 8
1015 3410 1127 3483 ἰατρικά
1146 3435 1209 3469 τινα

62 3495 136 3549 Eud.
203 3501 219 3548 9
239 3489 323 3549 ὁοιο.
339 3494 415 3549 Eud.
435 3490 497 3556 υίὸς
516 3511 565 3562 pro
586 3493 656 3564 ίατρ.
675 3499 698 3546 Δ
755 3501 787 3549 10
803 3493 930 3564 ίάτρευσε
946 3490 1086 3563 Ῥωξάνην
1102 3494 1210 3550 omissis

62 3571 115 3631 ὑπὸ
137 3607 171 3615 -
184 3569 361 3644 Ἀντιπάτρου
376 3574 451 3630 Eud.
462 3569 609 3644 Ῥωξάνην
628 3579 679 3627 Av
693 3570 827 3644 Ῥοξάνην
845 3577 917 3645 vulp.
931 3575 1007 3631 Εκά.
1066 3581 1097 3628 11
1115 3571 1162 3629 ἐπὶ
1177 3574 1208 3630 δέ

63 3655 132 3711 coni.
147 3655 294 3725 Κηοίινκε,
311 3653 386 3722 quod
400 3654 551 3708 absurdum
565 3673 625 3710 esse
641 3659 735 3710 censet
749 3655 909 3710 Gutschmid
967 3662 1000 3709 13
1015 3651 1210 3725 Ἶκιιοκράτεις

62 3738 131 3806 vulp.
153 3736 229 3790 Εκδ.
250 3730 433 3804 Ἱπποκράται
452 3739 568 3805 Am,
588 3737 662 3806 quod
680 3736 806 3806 reposuit
818 3735 986 3805 Bernhardy
1005 3736 1067 3789 coll.
1088 3737 1209 3803 Lobeok‚

62 3815 152 3870 Paral.
167 3833 194 3884 p.
212 3820 262 3869 182
319 3821 352 3869 14
371 3815 490 3869 alierum
508 3812 559 3870 Ιτοῦ
578 3835 632 3872 om.
647 3821 750 3869 Am
769 3817 819 3870 τοῦ
839 3810 927 3869 αὐτον
943 3815 1044 3883 γένους
1058 3820 1116 3870 Ald.
1132 3816 1207 3872 Eud.

132 3894 289 3950 ccccvffl
312 3894 439 3949 Accessit
461 3896 578 3952 fortasse
601 3915 635 3952 ex
658 3895 786 3951 uberiore
810 3895 869 3951 vita
893 3896 1026 3965 Sophron.
1047 3915 1069 3951 ο.
1090 3903 1136 3966 61,
1160 3898 1209 3951 sed

62 3977 97 4031 ab
115 3975 259 4045 Hesychio
278 3974 371 4029 aliena
389 3978 439 4029 est.
459 3973 499 4029 Of.
520 3975 590 4030 Mus.
610 3978 699 4032 Rhen.
719 3979 822 4032 XXXV
842 3996 867 4047 p.
889 3982 960 4051 227„
974 3980 1002 4030 et
1020 3976 1176 4044 Prolegom.
1197 3979 1209 4030 1

62 4062 107 4122 §4
168 4061 203 4110 20
222 4055 405 4124 Σολομῶντος
424 4073 478 4110 om.
497 4055 589 4126 βορέα,
609 4060 664 4123 sed,
677 4060 778 4114 Suidae
797 4058 880 4112 lectio
899 4059 1080 4128 praeferenda
1098 4059 1209 4113 videtur

132 4133 264 4190 ccccm
282 4135 358 4190 Eud.
378 4153 404 4205 p.
425 4142 486 4190 399.
523 4137 564 4191 cf.
583 4137 686 4192 Mtiller
704 4141 728 4192 ΙΙ
747 4156 774 4208 p.
797 4145 829 4193 12
903 4133 1028 4201 δι”ίπος
1046 4143 1069 4190 Δ
1086 4141 1158 4208 vulp.

61 4223 94 4271 22
118 4212 150 4279 ὃς
173 4216 284 4285 πρῶτος
302 4215 391 4271 Ειιιί.’
444 4218 493 4271 καὶ
511 4237 540 4270 κ.
560 4217 639 4272 δυίιί.
659 4217 726 4272 libri
743 4219 853 4288 πρῶτος
872 4251 903 4258 -
926 4214 1075 4287 ἐπετέμετο
1095 4220 1209 4287 propter

59 4297 211 4366 insequens
221 4297 378 4350 Σικελικῶν
393 4297 486 4367 βιβλία
501 4295 522 4350 ἐ’
533 4300 711 4366 suspectum
721 4300 870 4367 utrumque
885 4297 1048 4366 opusculum
1058 4298 1133 4352 idem
1148 4313 1208 4352 esse
1281 4295 1283 4299 ’

59 4381 170 4435 eonstat
224 4385 259 4433 23
273 4377 314 4432 sie
332 4379 450 4432 fortasse
469 4378 553 4432 eiiam
573 4373 686 4446 Μινύης
705 4380 779 4447 apud
798 4378 879 4446 Diog.
898 4376 974 4443 1,27
995 4378 1189 4447 corrigendum

57 4459 189 4516 Σικελῶν
199 4459 276 4514 Eud.
293 4484 298 4491 ·
317 4463 353 4512 24
363 4446 525 4528 Ἀρηολικῶν
535 4458 739 4529 praebeam,
755 4455 979 4528 quodpraeferre
990 4455 1208 4512 Gutschmidium
