2910 5056
585 298 868 354 Psonnsourun.
1171 265 1302 358 risun

152 458 324 546 πρότερος,
350 463 542 539 Φιλίσκος
562 457 755 547 Ἀρχενίδου
777 500 814 508 -
833 457 1054 549 Ἀρχωοίὸου,
1081 468 1301 530 Φιλιστίων

152 570 350 652 praedoctus*
380 605 418 615 -—
454 573 712 655 μισοψηφισιαί,
749 566 918 655 Φόρμος
949 570 1014 637 elci
1051 568 1088 636 di
1121 573 1224 638 ταῦτα
1260 610 1296 619 -

153 675 217 742 εἰσὶ
250 674 288 741 δὲ
320 699 396 761 om,
428 679 583 762 Χείρων
617 679 837 764 [caturcensis
870 717 912 725 —
947 675 1176 764 ίιιιιιαιρικόν,
1209 685 1299 745 Χοι-

153 786 262 866 ρίλος
291 783 422 867 ἐνίκησε
446 780 483 848 δὲ
510 780 601 868 ῥ’-
630 786 675 850 ἐν.
704 782 742 850 bl
770 781 829 869 ιγ’,
866 785 1099 870 Χρύσιππος
1126 789 1226 851 πλείω
1259 825 1296 834 -

153 892 277 956 alciora
295 890 330 954 Μ
353 890 426 954 Ald.

242 996 310 1062 Nec
334 1019 465 1063 monere
489 1020 570 1082 opus
595 1004 658 1083 est,
686 1022 741 1064 eas
764 998 902 1065 Violarii
925 991 1094 1080 sectiones,
1121 1024 1200 1087 quas
1224 1025 1299 1068 enu-

152 1107 283 1190 meravi,
311 1127 351 1168 ex
379 1107 556 1189 exemplari
585 1107 674 1191 typis
703 1108 769 1189 iam
796 1108 955 1192 impresso
983 1130 1047 1173 non
1078 1109 1216 1174 describi
1244 1132 1299 1193 po·

151 1212 267 1296 tuisse,
290 1234 362 1277 oum
384 1233 424 1275 ne
447 1212 629 1277 levissimus
654 1213 782 1296 quidem
806 1214 857 1278 vel
882 1213 1124 1298 stupidissimus
1148 1216 1300 1282 librarius
1361 1275 1365 1281 .

151 1320 271 1384 nedum
295 1318 446 1383 falsarius
470 1319 552 1384 talia
573 1320 764 1403 peccaverit.
809 1320 886 1384 Aldi
910 1321 995 1385 enim
1019 1322 1117 1386 editio
1142 1324 1191 1387 vel
1215 1323 1300 1407 puti-

151 1426 295 1491 dissimis
324 1426 425 1490 oculis
453 1427 543 1491 nullo
569 1448 665 1510 opere
694 1425 839 1491 adhibito
870 1427 1057 1512 perlegitur.
1102 1427 1170 1494 Nec
1193 1430 1299 1494 minus

151 1536 292 1628 constat,
310 1554 350 1597 ne
365 1532 508 1597 codicem
523 1533 653 1616 quidem
668 1533 745 1597 Aldi
760 1532 899 1597 Manutii
917 1570 953 1579 -
976 1535 1004 1597 si
1023 1535 1153 1619 quidem
1171 1539 1300 1619 praeter

150 1641 324 1706 editionem
352 1639 627 1704 Mediolanensem
661 1639 760 1703 etiam
794 1640 913 1703 librum
942 1641 1197 1724 manuscriptum
1226 1663 1298 1706 eum
1397 1681 1403 1700 .

152 1747 353 1813 consuluisse
372 1745 505 1830 iudicas,
529 1746 613 1829 quod
634 1746 668 1808 in
687 1745 795 1810 medic
818 1746 999 1830 relinquam
1018 1784 1059 1837 ᾗ
1071 1746 1208 1813 Violarii
1228 1771 1299 1813 auc-

151 1856 217 1920 tori
245 1858 376 1939 praesto
405 1852 519 1937 fuisse,
552 1853 672 1937 quippe
699 1874 832 1935 prorsus
857 1852 1018 1917 diversum
1046 1877 1119 1919 eum
1147 1855 1299 1920 habuisse

151 1961 361 2027 manifestum
394 1965 452 2024 est.
504 1959 596 2034 Quod
628 1960 655 2030 si
683 1963 768 2024 recte
797 1959 891 2023 nobis
921 1961 1103 2042 expositum
1131 1963 1194 2044 est,
1226 1982 1299 2025 cum

151 2091 316 2153 nunquam
337 2067 478 2133 codicem
495 2064 670 2131 Suidanum
686 2066 754 2130 sive
770 2066 887 2132 codicis
901 2065 1060 2130 familiam
1074 2067 1152 2131 talis
1162 2069 1300 2152 generis

151 2177 247 2261 quale
270 2176 305 2239 in
324 2175 470 2240 Violario
495 2178 660 2258 appareat,
682 2174 784 2238 fuisse
808 2176 951 2252 constet,
974 2175 1028 2257 qui
1052 2196 1110 2239 nec
1133 2179 1299 2257 praestan-

149 2283 243 2349 tioris
268 2305 328 2348 nec
352 2281 521 2347 deterioris
549 2281 707 2345 librorum
735 2280 879 2345 familiae
912 2279 1020 2344 affinis
1044 2280 1132 2367 sitl),
1160 2281 1299 2347 Violarii

150 2391 238 2456 vitae
261 2390 398 2454 mixtum
421 2389 530 2472 potius
543 2375 669 2452 'offerre
697 2388 991 2471 manuscriptorum
1015 2408 1116 2472 genus
1139 2387 1298 2473 videntur,
1330 2409 1332 2413 ’

152 2497 239 2583 quod
261 2519 328 2561 non
347 2496 411 2560 nisi
433 2494 622 2560 correcturis
646 2494 773 2558 librarii
790 2486 842 2558 uel
866 2494 1073 2559 librariorum
1096 2498 1214 2560 natum·
1228 2517 1298 2561 esse

155 2603 320 2670 concludo.
721 2605 723 2609 ’

242 2710 347 2794 Atque
374 2710 440 2774 iam
471 2729 509 2773 eo
539 2709 685 2794 provecti
717 2730 840 2785 sumuS,
872 2714 908 2771 ut
938 2710 1043 2776 totam
1074 2710 1297 2792 quaestionem

150 2819 319 2903 aliquanto
343 2815 555 2881 confidentius
580 2816 703 2880 solvere
727 2815 898 2899 possimus.
932 2814 1023 2889 Quod
1047 2815 1075 2879 si
1098 2836 1137 2879 ex
1161 2815 1297 2882 diversis

148 2923 389 3008 exemplaribus
417 2927 555 3005 textum,
589 2944 684 3006 quem
715 2921 895 3005 habebant,
928 2923 1089 3006 corrigere
1123 2923 1301 2989 studebant

147 3030 292 3115 librarii,
316 3052 381 3095 non
400 3027 517 3094 Suidae
536 3032 673 3112 textum,
697 3029 748 3093 cui
768 3028 927 3092 medelam
947 3030 1060 3094 afferre
1079 3030 1210 3095 omnino
1230 3053 1297 3096 non

148 3161 231 3223 opus
255 3137 368 3220 fuerit,
397 3137 432 3199 in
461 3135 610 3200 manibus
638 3134 791 3199 habuisse
819 3135 955 3218 putendi
985 3139 1074 3219 sunt,
1103 3135 1157 3200 sed
1189 3137 1297 3222 alium,

149 3268 246 3330 quem
270 3267 343 3309 cum
367 3241 483 3308 Suidae
507 3243 613 3325 libris,
640 3242 829 3326 plerumque
853 3242 1080 3326 deterioribus,
1110 3264 1297 3328 comparan-

146 3357 198 3417 tes
223 3355 257 3416 et
280 3350 512 3434 discrepantias
536 3349 599 3412 vel·
609 3348 742 3413 lacunas
772 3349 822 3413 vel
851 3349 967 3413 menda
995 3349 1206 3414 observantes
1230 3351 1296 3415 iam

152 3481 268 3524 sanare
293 3462 404 3543 atque,
427 3457 483 3521 ubi
507 3477 641 3520 mancus
665 3455 838 3520 videbatur
861 3477 944 3539 esse,
972 3455 1202 3521 additamentis
1228 3455 1298 3522 Sui-

148 3567 243 3632 danis
271 3585 389 3649 augere
417 3565 633 3628 tentaverunt.
680 3561 750 3637 Quo
777 3561 879 3646 facto,
908 3563 985 3647 quin
1014 3585 1112 3627 unum
1141 3564 1297 3648 epitomes

147 3672 372 3755 Hesychianae
396 3671 603 3754 exemplare
631 3668 729 3735 Suida
752 3669 950 3755 descriptum
979 3671 1036 3754 sit,
1067 3671 1204 3736 alterum
1232 3668 1298 3756 (vel

147 3777 251 3860 idem)
275 3777 498 3855 ablludocia,
522 3777 607 3861 quod
632 3778 754 3842 incuria
776 3777 984 3842 librariorum
1008 3777 1082 3860 plus
1112 3799 1213 3862 aequo
1241 3801 1299 3843 no·

149 3887 201 3952 bis
224 3887 433 3951 obscuratum
461 3906 531 3949 esse
559 3884 697 3948 maxime
721 3889 771 3949 est
799 3883 985 3969 dolendum,
1014 3884 1161 3968 equidem
1188 3885 1297 3949 nullus

148 3992 271 4057 dubito.
316 3991 360 4056 Et
386 3992 467 4056 haec
494 4013 544 4055 res
575 3991 626 4054 vel
657 4012 694 4054 eo
725 3990 948 4075 confirmatur,
978 3990 1063 4076 quod
1089 3991 1297 4069 Androcliclis,

149 4098 234 4184 Lydi
263 4098 324 4177 fili,
354 4098 435 4163 duae
465 4099 499 4163 in
521 4096 667 4162 Violario
699 4100 846 4162 servatae
878 4101 954 4161 sunt
984 4097 1070 4161 vitae
1099 4093 1145 4183 (p.
1171 4097 1231 4160 101
1263 4100 1295 4160 et

223 4365 248 4432 1)
269 4363 362 4426 Adde,
381 4363 455 4431 quod
475 4362 503 4416 in
523 4362 600 4416 nullo
621 4362 716 4416 codice
735 4362 928 4416 desiderantur
947 4360 1058 4417 articuli
1077 4361 1175 4416 literae
1194 4363 1229 4431 Ξ,
1248 4360 1296 4430 qui

151 4444 252 4498 desunt
267 4442 296 4497 in
307 4441 445 4510 Violario‚
466 4443 540 4497 unde
555 4442 622 4497 olim
641 4460 726 4496 unum
741 4443 800 4496 eius
813 4441 912 4496 folium
927 4440 1099 4497 intercidisse
1115 4440 1247 4510 suspicor.
