2910 5056
620 303 835 361 PRAEFATIO.
1278 310 1303 365 V

153 469 230 534 duxi
257 470 429 534 nonnullas
458 468 632 553 addidisse,
664 491 746 553 quae
774 470 913 535 fortasse
943 470 1098 555 Hesychii
1124 494 1190 536 non
1218 477 1301 557 sunt,
1412 556 1415 561 ,

154 581 253 644 quam
272 559 352 624 alias
377 558 537 642 omisisse,
561 580 641 643 quas
661 580 734 623 vere
752 557 977 643 Hesychianas
1001 583 1071 626 esse
1094 561 1148 626 hic
1170 563 1222 626 vel
1245 561 1301 626 ille

146 649 285 713 ¹‘sentiat

244 737 390 801 Tertium
413 737 551 822 denique
575 738 764 801 uncinorum
784 759 884 822 genus
903 738 1019 804 inillis
1038 740 1113 804 vitis
1135 739 1301 824 collocavi,

153 827 270 911 quihus
295 829 402 910 plures
425 827 476 891 vel
498 827 640 894 eiusdem
662 827 803 892 nominis
826 828 876 891 vel
895 828 1106 893 similitudine
1125 849 1300 914 congruen-

152 917 195 980 tis
219 916 395 1000 scriptores
420 915 569 982 confusos
594 938 663 980 esse
687 915 877 980 certissimis
906 917 1051 997 concludi
1074 922 1183 1001 potest
1207 940 1300 1003 argu·

152 1006 286 1088 mentis,
308 1005 436 1070 lineolis
461 1005 651 1088 simpliciter
670 1005 767 1069 rectis
787 1001 793 1092 Ι
839 1028 929 1089 usus,
954 1007 1081 1092 siquae
1104 1007 1144 1070 ad
1163 1008 1299 1072 alterum

153 1095 379 1180 cognominem
399 1097 561 1177 spectant,
579 1093 752 1177 duplicatis
772 1090 787 1181 ΙΙ
808 1090 837 1180 Ι,
861 1116 942 1178 quae
963 1096 1001 1160 ad
1020 1097 1165 1180 tertium,
1190 1119 1299 1181 quam-

152 1207 249 1268 quam
273 1185 436 1268 plerisque
459 1182 538 1247 locis
557 1182 758 1266 Hesychiine
776 1184 877 1248 lateat
898 1206 986 1248 error
1010 1207 1051 1248 an
1074 1186 1299 1268 epitomatoris

153 1295 196 1338 an
219 1274 320 1356 ipsius
341 1271 458 1337 Suidae
482 1295 521 1336 an
546 1272 682 1355 denique
706 1272 828 1337 librarii
852 1273 987 1337 alicuius
1007 1274 1075 1338 iure
1099 1278 1209 1356 potest
1232 1297 1300 1338 am·

151 1363 235 1448 bigi3
262 1367 297 1426 at
318 1361 517 1445 Hesychium
540 1362 648 1444 ipsum
672 1383 796 1426 errasse
819 1362 938 1445 ubique
962 1363 1028 1427 fere
1051 1363 1217 1446 probabile
1241 1367 1300 1429 est.

152 1451 239 1528 Quas
260 1451 367 1535 omisi,
391 1452 655 1535 quotiescunque,
678 1451 868 1533 praesertim
892 1472 964 1514 cum
989 1452 1044 1516 alii
1068 1452 1156 1516 aliud
1180 1474 1299 1535 expun-

150 1541 272 1625 xerint,
294 1562 362 1604 rem
386 1562 452 1604 non
476 1539 556 1605 satis
580 1539 707 1603 firmam
731 1561 803 1603 esse
825 1544 1027 1622 perspectam
1047 1541 1224 1621 habebam,
1247 1563 1299 1605 ve-

151 1631 215 1713 lut,
239 1633 276 1693 ut
298 1651 397 1693 unum
422 1629 554 1694 afferam
579 1629 773 1712 exemplum,
797 1630 830 1693 in
854 1627 1022 1693 Theonum
1046 1630 1130 1694 vitis.

240 1717 414 1782 Difficilius
438 1722 546 1782 autem
571 1723 641 1782 erat
661 1717 816 1801 iudicatu,
840 1740 998 1801 quaenam
1021 1720 1163 1784 vitarum
1187 1718 1298 1784 Suida-

150 1831 267 1873 narum
289 1812 398 1891 partes
422 1808 536 1871 merito
555 1804 720 1890 Hesychia
746 1806 978 1872 abiudicandae
1003 1809 1079 1891 sint,
1104 1831 1300 1892 quamquam

150 1898 229 1962 illae
254 1897 382 1981 quidem
405 1896 516 1961 multis
540 1896 575 1959 in
601 1895 746 1960 articulis
771 1894 921 1978 Suidanis
946 1919 965 1960 a
992 1897 1114 1962 criticis
1142 1899 1193 1961 vel
1221 1921 1298 1982 pau·

150 1987 251 2070 lispcr
283 1987 317 2049 in
349 1985 400 2050 his
434 1984 676 2069 quaestionibus
705 1985 841 2053 versatis
870 1985 940 2049 sine
972 2007 1091 2068 magno
1120 2008 1215 2071 opere
1247 1987 1299 2051 de·
1344 2029 1349 2038 ι

152 2076 262 2140 notari
285 2078 431 2160 possunt.
472 2074 545 2158 Ipse
569 2074 714 2157 equidem
738 2072 819 2139 Mus.
844 2072 945 2138 Rhen.
964 2074 1090 2140 XXXV
1107 2097 1138 2159 p.
1155 2076 1215 2139 191
1234 2097 1299 2160 seq.

153 2186 309 2250 magnum
333 2163 626 2228 additamentorum
650 2184 818 2227 numerum
848 2164 1028 2228 examinavi
1057 2186 1158 2248 eaque
1182 2187 1201 2228 a
1223 2164 1298 2229 vitis

148 2253 369 2337 Hesychianis
394 2253 531 2335 seiunxi‚
555 2253 639 2336 quod
667 2251 809 2316 officium
826 2256 941 2335 postea
961 2253 1059 2318 etiam
1073 2253 1184 2338 Daub,
1208 2251 1299 2325 ι811111.

149 2366 182 2426 p.
204 2343 267 2407 124
287 2364 351 2427 seq.
376 2341 488 2406 cadem
512 2363 575 2424 qua
599 2341 682 2405 solet
701 2341 887 2424 prolixitate
911 2342 1084 2425 praestitit.
1126 2341 1171 2405 Et
1189 2364 1296 2406 meam

149 2431 414 2496 dissertationem
438 2435 471 2494 ct
490 2429 622 2513 Daubii,
645 2430 750 2514 quoad
771 2431 876 2514 potui,
898 2431 1086 2515 priusquam
1111 2431 1151 2494 ad
1175 2435 1298 2496 textum

149 2519 309 2603 Hesychii
340 2520 573 2584 restituendum
606 2518 750 2602 adhibui,
782 2522 930 2583 accurate
963 2523 1184 2602 perscrutatus
1218 2542 1297 2584 sum.

148 2609 236 2674 Illud
270 2631 346 2674 vero
378 2630 463 2673 nunc
495 2630 546 2671 me
580 2608 694 2672 addere
730 2611 871 2692 oportet,
913 2608 998 2692 quod
1034 2604 1149 2672 nimis
1171 2609 1298 2694 neglexi

148 2699 232 2763 Mus.
256 2698 358 2763 Rhen.
381 2698 403 2761 l.
424 2720 450 2762 c.
475 2694 591 2761 Suidae
615 2697 700 2760 enim
719 2697 893 2760 nonnullas
914 2697 997 2760 vitas
1020 2697 1299 2780 philosophorum,

149 2787 303 2872 quoniam
333 2809 370 2850 ex
393 2791 489 2870 parte
512 2786 577 2870 legi
606 2786 704 2849 etiam
734 2785 818 2868 apud
843 2783 976 2850 Oedrcn.
998 2785 1014 2849 I
1038 2809 1067 2869 p.
1087 2786 1153 2850 270
1173 2809 1219 2870 sq.
1243 2784 1297 2871 (01.

148 2899 231 2961 quae
251 2876 370 2941 contuli
389 2875 619 2959 Anaxagorae,
643 2873 892 2957 Anaximandri,
911 2873 1073 2960 Thaletis)
1093 2876 1230 2958 ostendi,
1250 2877 1297 2940 ita

148 2971 186 3030 ut
210 2965 372 3030 communi
395 2987 434 3028 ex
457 2963 640 3047 Byzantina
662 2964 753 3028 fonte
777 2962 903 3046 utrique
927 2964 1131 3029 manaverint
1156 2999 1193 3010 υ-
1220 2986 1295 3027 nam

148 3077 261 3120 errans
276 3052 455 3119 Cedrenum
470 3075 508 3117 ex
523 3051 622 3117 Suida
641 3070 698 3116 sua
713 3053 893 3135 sumpsisse
903 3056 999 3137 putat
1012 3053 1134 3137 Diels,
1153 3052 1297 3138 Doxogr.
1419 3124 1422 3127 Α

148 3168 179 3226 p.
200 3143 275 3226 156,
297 3181 333 3188 -
356 3146 528 3226 postquam
546 3140 636 3205 Diels
661 3142 681 3205 l.
700 3162 725 3204 c.
754 3140 890 3205 alterum
915 3139 1051 3206 Cedreni
1078 3142 1202 3207 fontem
1227 3163 1296 3206 csse
1408 3177 1431 3222 ⁴.

149 3232 324 3316 Hippolyti
337 3230 633 3314 Philosophumena
648 3230 807 3315 sagaciter
822 3229 939 3314 docuit,
961 3234 1095 3315 utroque
1111 3231 1145 3293 in
1161 3229 1298 3296 Cedreni

149 3322 238 3387 fonte
258 3322 424 3404 alteroque
444 3317 560 3384 Suidac
583 3319 703 3402 placita
721 3317 994 3402 Philosophorum
1015 3319 1221 3403 potissimum
1246 3342 1296 3399 ex-

149 3411 258 3474 titisse
285 3410 442 3493 suspioor,
466 3408 583 3493 quihus
607 3408 757 3471 videlicet
779 3408 887 3471 nullus
912 3409 1001 3472 locus
1024 3408 1057 3472 in
1080 3408 1297 3492 Hesychianis
1425 3493 1427 3496 .

151 3499 229 3563 vitis
244 3499 338 3563 datus
352 3497 464 3578 fucrit,
482 3520 545 3581 qua
560 3497 646 3560 dere
662 3518 827 3580 compares
841 3494 1066 3580 Hesychianas
1081 3497 1165 3561 vitas
1180 3497 1296 3562 Demo·

152 3589 227 3652 criti
251 3609 321 3653 cum
341 3586 513 3671 Hippolyti
536 3584 580 3670 (p.
592 3585 663 3650 565
688 3584 815 3670 Diels),
838 3585 1232 3670 Archelai,·llmpcdoclis
1257 3587 1296 3649 al.

153 3675 246 3753 Quod
265 3676 293 3740 ai
312 3678 434 3740 rectum
455 3680 517 3758 est,
537 3675 685 3739 omnibus
705 3675 739 3738 in
758 3674 834 3738 vitis
852 3669 1069 3758 Hesychianis
1089 3674 1297 3758 philosopho·

151 3788 224 3829 rum
247 3765 368 3849 placita
392 3768 425 3828 et
444 3764 598 3847 dogmata
620 3766 733 3847 utpote
757 3760 874 3827 Suidae
897 3786 995 3827 manu
1018 3787 1056 3827 cx
1081 3764 1183 3828 altero
1206 3763 1297 3828 fonte

152 3853 264 3918 addita
290 3875 348 3918 nec
377 3853 483 3917 minus
511 3852 704 3917 removenda
733 3873 802 3916 esse
830 3852 990 3935 videntur,
1021 3875 1117 3936 quam
1143 3853 1297 3916 nonnulla

128 3942 443 4027 apophthegmata,
470 3963 553 4025 quae
576 3941 629 4005 hic
652 3941 726 4005 inde
756 3963 779 4005 s.
798 3942 851 4006 fin.
875 3941 1015 4005 vitarum
1044 3945 1215 4006 occurrunt
1242 3939 1297 4026 (of.

152 4031 274 4115 Θαλῆς,
298 4029 525 4114 Κλέοβουλος,
549 4031 715 4114 Νεοκλῆς,
740 4025 918 4111 Πιττακός,
943 4026 1065 4095 Σόλων
1089 4028 1153 4116 al).

242 4118 370 4203 Restat,
395 4123 432 4184 ut
450 4141 509 4204 pro
528 4119 568 4183 iis
589 4120 710 4204 gratias
729 4118 882 4203 referam,
906 4140 987 4202 quae
1011 4119 1177 4202 praestitit
1196 4119 1233 4184 A.
1254 4119 1296 4184 de

151 4331 224 4382 quac
246 4312 412 4368 arctioribus
432 4311 560 4368 terminis
583 4311 759 4378 cohibentur,
785 4312 862 4367 velut
884 4312 921 4381 gl.
945 4316 1118 4381 Καρκῖνος
1139 4306 1202 4368 'Aca
1226 4312 1295 4366 mul·

151 4387 252 4510 {aeque
272 4383 351 4440 aliae.
386 4386 520 4509 Atttamen
538 4383 567 4438 in
586 4382 628 4438 his
647 4383 855 4452 quaestiouibus
875 4399 934 4438 sero
953 4399 1117 4438 consensum
1136 4382 1296 4438 criticorum

164 4472 211 4510 ore
229 4473 311 4512 nemo
330 4473 425 4512 nese1.
