2910 5056
580 279 865 336 Paoanuouanr.
1168 315 1171 322 .
1217 279 1294 334 xxv
1311 235 1319 263 ⁷

147 441 354 531 Daubium¹),
379 443 559 528 Pubhium,
581 444 883 528 Pappenheimium,
907 443 1078 528 (inopium,
1101 443 1295 529 Patzigium,

147 574 284 636 quorum
308 551 468 636 plerique,
487 574 568 636 quae
587 552 657 636 ipse
676 549 806 615 Unters.
821 574 851 635 p.
862 550 905 616 35
916 573 981 634 seq.
1001 551 1175 634 disputavi,
1197 573 1234 615 ea
1248 573 1295 615 re·

147 658 261 722 fellere
285 658 489 737 studuerunt,
514 659 584 742 alii,
608 659 698 722 velut
720 658 835 741 Pulch,
858 658 950 723 novis
977 658 1177 743 argumentis
1202 661 1297 722 caute

150 765 263 848 innisi,
287 765 355 844 alii,
379 764 413 828 id
437 765 522 849 quod
548 763 798 828 Wilamowitzio
823 765 954 848 eiusque
978 764 1134 850 discipulo
1158 765 1295 848 plerum·

148 894 211 957 que
235 871 355 955 placet,
378 870 485 935 causis
506 869 638 935 omnino
660 892 727 934 non
751 869 882 954 additis,
906 870 962 935 sed
986 870 1081 935 dictis
1105 871 1300 954 temerariis,

151 977 287 1061 ineptis,
312 977 519 1062 arrogantiae
542 977 657 1061 plenis.

241 1083 309 1149 Nec
332 1085 385 1149 hio
408 1084 598 1169 negaverim
616 1105 675 1149 nec
700 1105 841 1169 unquam
865 1087 997 1172 negavi,
1021 1087 1131 1171 plures
1156 1088 1239 1152 vitas
1262 1089 1296 1153 in

149 1193 297 1266 Violario
322 1195 469 1256 extantes
492 1213 624 1275 prorsus
650 1191 688 1256 de
718 1189 834 1256 Suidae
862 1193 965 1259 lexico
993 1194 1147 1278 pendere,
1175 1216 1230 1258 seu
1259 1195 1297 1258 de

149 1300 314 1364 codicibus
344 1297 574 1381 manuscriptis
604 1320 661 1362 seu
684 1290 722 1362 de
747 1297 951 1378 editionibus,
985 1301 1190 1385 quodquam
1215 1301 1296 1365 diffi-

150 1407 212 1472 eile
236 1405 415 1470 diiudicatu
438 1405 483 1469 sit
505 1426 601 1470 nemo
624 1406 727 1469 nescit
752 1403 909 1490 (attamen
928 1404 1082 1471 Aldinam
1105 1409 1139 1471 iu
1161 1409 1296 1472 nonnul·

150 1514 193 1578 lis
217 1514 292 1578 vitis
318 1512 521 1597 suppositam
541 1533 610 1575 esse
630 1511 799 1595 probabile
819 1510 893 1597 est),
917 1513 1006 1578 euius
1027 1514 1073 1578 rei
1092 1514 1190 1580 haece
1212 1516 1297 1581 lucu-

148 1621 331 1686 lentissima
359 1619 439 1683 mihi
470 1619 649 1683 offeruntur·
677 1620 836 1703 exempla,
865 1620 892 1683 si
917 1620 1044 1686 silentio
1068 1622 1219 1687 omittam
1243 1645 1297 1687 eas

146 1728 248 1811 vitas,
280 1750 361 1812 quae
393 1727 427 1791 in
459 1737 597 1810 utroque
629 1727 713 1792 libro
743 1749 781 1790 ex
810 1727 941 1791 scholiis
972 1728 1011 1793 ad
1040 1729 1296 1814 Aristophanem

146 1835 322 1917 fluxerunt,
349 1856 406 1898 seu
437 1834 477 1898 ad
506 1834 638 1898 verbum
670 1833 850 1918 descriptae
883 1857 939 1899 seu
969 1836 1197 1921 neglegentius
1225 1836 1297 1899 bre-

148 1943 266 2006 viatae.
312 1964 341 2005 v.
366 1933 590 2024 Ἀρχέδικος
617 1941 697 2005 Eud.
718 1939 788 2004 add.
817 1940 954 2005 alteram
984 1938 1101 2007 Suidae
1129 1943 1230 2007 vitam
1260 1966 1298 2006 ex

147 2048 291 2131 Polybio
316 2048 542 2133 compilatam3
565 2072 593 2123 y.
610 2041 754 2124 Ἰσαῖος
777 2046 877 2112 habet
899 2049 986 2113 vitae
1011 2054 1137 2134 partem
1157 2073 1196 2115 ex
1215 2049 1297 2114 Har·

148 2154 339 2239 poenatione
372 2178 391 2251 a
421 2153 520 2219 Suida
552 2154 791 2238 depromptam,
823 2159 1021 2239 quapropter
1049 2155 1220 2240 Hermippi
1250 2157 1297 2221 lo-

147 2285 223 2327 cum
247 2262 288 2325 ab
312 2260 571 2346 Harpocratione
595 2260 761 2325 laudatum
790 2265 926 2345 uterque
957 2261 1068 2327 omisit
1095 2285 1155 2327 nec
1190 2263 1297 2327 minus

148 2368 308 2434 Demetrii
331 2369 494 2452 Magnetis
521 2368 642 2432 librum
671 2366 708 2432 ἐν
734 2365 903 2453 τοῖςπερὶ
931 2362 1120 2454 ὁμωνύμων
1148 2371 1296 2453 ποιητῶν

149 2477 235 2558 [add.
254 2473 309 2540 καὶ
329 2473 564 2561 συγγραφέων]
572 2528 580 2557 ,
605 2476 723 2540 additis
748 2476 874 2568 extalio
899 2477 989 2541 fonte
1012 2479 1063 2542 vel
1087 2500 1126 2542 ex
1149 2477 1297 2541 uberiore

147 2581 418 2668 Harpocrationis
448 2580 565 2668 libr02)
588 2583 695 2647 verbis
721 2570 819 2658 οὗτος
843 2620 883 2630 -
908 2579 1127 2666 προαγαγώνς
1151 2607 1178 2648 v.
1199 2587 1232 2646 K
1238 2606 1297 2646 αι-

125 2693 278 2767 νίλιος
301 2713 325 2754 s.
339 2690 392 2753 fin.
416 2688 549 2773 praebet
569 2687 684 2753 Suidae
704 2709 818 2773 nugas,
842 2711 922 2773 quas
943 2689 1169 2773 interpolatori
1188 2690 1298 2754 deberi

148 2799 267 2863 iniuria
286 2797 412 2862 obtinet
431 2795 535 2862 Pulch
556 2819 586 2880 p.
604 2797 658 2879 76,
680 2797 750 2873 πῶς
773 2793 810 2861 dl
830 2790 994 2872 Ἰουδαῖος
1017 2792 1122 2880 σοφὸς
1146 2791 1232 2862 οὕτω
1256 2791 1297 2860 τὰ

143 2901 323 2988 Ἑλληνικὰ
347 2904 446 2969 τοῦτο
469 2899 643 2987 θαυμάζω,
667 2925 748 2987 quae
772 2904 806 2968 in
829 2903 921 2968 libris
943 2903 1029 2968 varie
1049 2904 1210 2990 leguntur,
1233 2904 1323 2968 nisi'

148 3013 258 3096 potius
283 3012 436 3076 lectorem
460 3010 601 3094 aliquem
625 3011 689 3074 iarn
714 3010 872 3094 epitomes
894 3008 1035 3096 margini
1054 3034 1092 3077 ea
1110 3011 1297 3095 appinxisse

149 3118 339 3203 suspicaris3
363 3142 391 3183 v.
411 3111 668 3199 Μενεκράτης
691 3117 760 3181 add.
775 3117 882 3183 locum
905 3117 1021 3182 Athen.
1034 3117 1099 3182 VII
1122 3139 1152 3201 p.
1167 3118 1231 3182 289
1255 3119 1296 3181 ab

148 3225 315 3310 Hesychia
344 3247 477 3309 prorsus
506 3223 662 3306 alienum3
690 3247 718 3288 v.
742 3218 901 3300 Νόννος
924 3224 1053 3290 adden
1077 3223 1194 3289 Suidae
1218 3225 1295 3288 arti-

150 3332 222 3396 culo
252 3327 387 3396 Ndvvcc
416 3329 470 3417 (ef.
498 3328 600 3393 Pulch
628 3352 659 3412 p.
683 3329 752 3413 76),
787 3352 983 3414 quemquam
1014 3331 1113 3395 etiarn
1142 3331 1213 3394 fieri
1240 3353 1297 3413 po-

150 3443 228 3522 test,
252 3441 290 3502 ut
314 3461 352 3501 ex
372 3437 471 3502 anth.
489 3436 593 3501 Palat.
613 3437 722 3501 codice
746 3437 919 3522 desumpta
943 3437 1009 3501 sint
1032 3436 1086 3522 (cf.
1104 3435 1225 3501 Jacobs
1248 3436 1296 3501 VI

151 3569 179 3630 p.
193 3542 312 3630 LXV);
332 3568 359 3609 v.
380 3544 531 3628 Πέτρος
550 3542 620 3607 add.
640 3541 757 3607 Suidae
776 3543 876 3608 verba
895 3543 1086 3628 deprompta
1106 3564 1145 3607 ex
1163 3543 1296 3608 Menan·

152 3651 209 3716 dro
237 3652 349 3735 pere
377 3650 484 3733 Nieb3
513 3672 541 3715 v.
556 3645 752 3733 Ποτάμων
775 3653 864 3714 Mer.
892 3649 1039 3714 adiunxit
1063 3648 1180 3715 Suidae
1208 3651 1295 3736 glos·

153 3780 221 3822 sam
240 3759 299 3822 καί
318 3778 450 3821 ποτε-
467 3761 640 3840 πολεμεῖν;
664 3779 692 3822 v.
712 3756 846 3839 Σῆμος
864 3756 998 3840 praebet
1016 3758 1114 3822 verba
1133 3755 1295 3847 ἐντούτῳ

154 3966 292 4038 exposuit,
316 3985 398 4037 quem
422 3984 512 4037 neque
534 3967 635 4024 Suidae
659 3984 748 4037 neque
767 3966 909 4023 Eudooiae
935 3967 1084 4024 articulum
1109 3987 1232 4040 unquam
1256 3971 1297 4025 vi-

154 4046 224 4103 disse
243 4048 350 4117 opinor.

223 4128 249 4196 1)
268 4127 295 4181 Is
314 4145 483 4197 quamquam
501 4130 592 4184 totam
610 4128 801 4197 quaestionem
817 4146 873 4184 non
892 4130 1076 4197 examinavit,
1095 4132 1190 4184 tamen
1209 4130 1297 4185 omni-

156 4206 202 4261 bus
226 4207 255 4260 in
278 4207 361 4276 loeis,
385 4207 507 4277 exempli
529 4208 622 4278 gratia
645 4208 723 4264 stud.
743 4228 770 4278 p.
792 4216 855 4277 129,
878 4211 1013 4278 tanquam
1038 4209 1109 4264 nulli
1128 4208 1298 4265 dubitationi

157 4286 272 4342 obnoxia
292 4287 342 4355 sit,
361 4289 395 4344 de
415 4305 448 4344 ea
466 4288 598 4357 loquitur.

222 4370 250 4436 2)
275 4367 429 4424 De'indole
448 4369 588 4437 codicum,
609 4369 707 4437 quibus
725 4370 957 4440 Harpocrationis
976 4371 1085 4428 lexicon
1105 4371 1185 4426 nobis
1205 4389 1298 4428 serva-

158 4446 288 4518 tumeat,
308 4448 342 4504 cf.
362 4448 484 4521 Boysen‚
504 4449 539 4504 de
558 4450 643 4521 Harp.
663 4449 732 4507 font.
751 4459 818 4520 pt.
