2910 5056
591 296 874 353 PROLEGOMIINA.
1257 302 1304 356 LV
1425 302 1429 310 '

153 481 214 542 pro
240 453 372 543 Ἀρ-
335 457 464 523 -καὶ
489 446 738 563 Ἀριστείδης
765 461 831 526 cod.
848 461 928 527 Ven.
944 460 999 547 (cf.
1015 464 1111 528 etiam
1137 465 1217 548 p.‚5
1238 463 1304 552 15),
1341 494 1343 505 ·

153 567 317 651 corrigere
341 567 426 650 vult,
398 565 643 632 tteadversan
662 557 781 633 Maass,
787 567 929 652 ‚Biogr
952 571 1041 652 p.82
1057 574 1123 635 not.

243 680 282 745 In
317 682 553 767 grammaticis,
586 684 640 767 qui
669 687 743 748 ante
772 683 914 768 Augusti
948 690 1022 750 aeta
987 688 1088 750 tatem
1117 687 1304 772 floruerunt,
1328 693 1387 772 §3

154 788 401 872 Asclepiadis
422 787 618 872 Myrleani
641 791 877 875 γραμματικῶν
905 792 1021 876 libros,
1051 814 1130 877 quos
1155 799 1303 859 accurate

154 896 268 961 laudat
285 918 315 959 v.
332 890 470 979 Ὀρφεύς
487 898 590 980 Κροτ.
611 893 664 980 (cf.
684 919 712 961 v.
735 895 924 981 Πολέμων),
949 898 1158 981 praecipuum
1181 899 1302 965 fontem

153 1003 256 1069 fuisse
271 1004 442 1086 postquam
458 1002 676 1085 primus-vidit
690 1002 813 1087 Rohde,
827 1003 909 1068 Mus.
924 1003 1026 1068 Rhen.
1037 1004 1178 1069 XXXIII
1193 1029 1222 1091 p.
1240 1007 1301 1072 167

152 1114 219 1176 not.
234 1111 268 1195 3,
290 1108 449 1194 prolixius
473 1109 671 1172 examinavit
693 1108 787 1173 Daub
798 1113 816 1192 ,’
835 1109 873 1173 de
904 1108 990 1175 Suid.
1009 1134 1039 1194 p.
1059 1110 1122 1175 457
1140 1134 1206 1197 seq.
1231 1114 1303 1177 coll.

153 1219 252 1284 etiam
271 1219 327 1282 vit.
347 1214 437 1280 Aret.
455 1240 486 1300 p.
506 1215 558 1299 52,
577 1215 785 1280 5Westerm.
805 1211 903 1302 (Ἀσκ.
929 1210 947 1281 ὁ
967 1221 1015 1283 Μ.
1034 1216 1070 1282 ἐν
1094 1219 1139 1304 τῷ
1160 1215 1207 1283 ια’
1227 1218 1302 1305 περὶ

152 1350 203 1411 γρ.
220 1322 351 1410 Θαρσέα
374 1321 479 1407 φησὶν
499 1317 602 1387 αὐτὸν
622 1320 822 1406 γεγονέναι),
846 1324 899 1407 qui
918 1324 1033 1389 horum
1052 1326 1195 1391 virorum
1216 1327 1301 1391 vitas

153 1434 204 1498 vel
222 1433 363 1497 vitarum
382 1434 491 1515 partes
517 1429 557 1493 ad
577 1428 779 1512 Asclepiadis
804 1430 904 1494 libros
924 1430 1064 1495 rettulit:
1080 1425 1302 1517 Ἀρίσταρχος,

150 1536 392 1626 Ἀριστοφάνης
415 1532 613 1619 Βυζάντιος,
641 1531 898 1621 Ἐρατοσθένης,
928 1533 1119 1620 Ζηνόδοτος
1141 1533 1302 1623 Ἐφέσιος,

153 1649 378 1730 Καλλίμαχος,
397 1648 605 1727 Πτολεμαῖος
626 1637 643 1708 ὁ
661 1636 845 1726 ’Enattara
865 1647 1073 1727 Πτολεμαῖος
1091 1646 1301 1731 Πινδαρίωυ,

152 1749 289 1839 Κράτης
316 1747 514 1834 Μαλλώτης,
536 1745 751 1833 Ἀλέξανδρος
774 1745 953 1833 Μιλήσιος,
975 1745 1169 1835 Ἀμμώνιος,
1188 1747 1300 1818 Ἀπολ-

151 1856 317 1944 λόδωρος,
355 1852 597 1941 Ἀσκληπιάδης
638 1854 854 1941 Μυρλεανός,
889 1852 1104 1942 Ἀλέξανδρος
1141 1857 1301 1943 Αίτωλός,

151 1965 310 2051 (exceptis
348 1964 456 2029 verbis
491 1952 589 2040 οὗτος
611 1961 708 2049 seq.)‚
746 1965 918 2048 Δαφίδας,
956 1960 1149 2050 Δημήτριος
1182 1963 1300 2050 Ἰξίων,

151 2074 323 2156 Δίδυμος,
361 2072 564 2154 Δικαίαρχος
601 2071 737 2152 Λακεδ,
776 2067 961 2148 Διονύσιος
993 2070 1098 2159 Θρᾷξ,
1129 2067 1301 2150 Ἑκαταῖος

147 2175 253 2263 Ἀβδ,
284 2172 483 2262 Εὐφορίων,
508 2173 715 2260 Ζηνόδοτος,
744 2175 912 2261 Λυγκεύς,
942 2175 1122 2261 Μαρσύας,
1151 2176 1300 2264 Μόσχος,

149 2287 361 2370 Νίκανδρος,
383 2279 529 2365 Ῥιανός,
560 2286 742 2367 Σωσίβιος,
776 2279 938 2369 Τρύφων,
966 2288 1164 2369 Τυραννίων
1187 2290 1301 2369 τρεσβ.

149 2393 223 2470 Qua
241 2393 277 2457 in
295 2414 329 2455 re
349 2413 452 2474 pauca
473 2391 554 2455 mihi
573 2412 703 2455 monere
723 2391 831 2457 liceat.
868 2389 993 2476 Nempe
1017 2413 1089 2456 curu
1114 2393 1300 2476 grammati·

148 2521 263 2565 corum
282 2498 369 2564 vitae
384 2497 527 2582 Augusti
548 2501 655 2562 aetate
672 2519 737 2561 non
751 2499 974 2582 terminentur,
994 2497 1051 2562 sed
1065 2520 1187 2583 paucae
1202 2500 1300 2563 etiam

147 2605 368 2671 recentiorum
401 2603 580 2687 descriptae
615 2605 681 2668 sint
709 2600 763 2687 (cf.
783 2585 931 2689 Ἅβρων,
969 2607 1168 2689 Τυραννίων
1196 2601 1300 2689 occia,

145 2707 405 2797 Ἐπαφρόδιτος,
432 2704 560 2775 Ἀκολλ.
584 2708 773 2791 Δύσκολος,
793 2690 1012 2794 Ἡρωδιαυός,
1036 2696 1198 2796 Νικάνωρ
1225 2709 1298 2799 etc.)

147 2819 267 2885 deinde
296 2822 405 2882 autem
428 2816 631 2901 Asclepiadis
653 2816 813 2900 Myrleani
842 2817 943 2901 ipsius
968 2818 1036 2882 vita
1060 2817 1223 2903 descripta
1247 2821 1300 2904 sit,

147 2949 249 3013 quarn
278 2947 338 2990 nee
361 2925 469 3008 ipsum
492 2923 665 2988 tradidisse
689 2924 857 3007 probabile
882 2927 931 2988 est
954 2921 1027 3008 (nec
1050 2924 1207 3011 Hesychii
1232 2928 1299 3011 qui·

147 3035 223 3100 dem
248 3033 350 3096 vitam
374 3032 414 3096 ab
439 3032 510 3116 ipso
530 3030 711 3115 profectam
737 3053 806 3095 esse
833 3029 927 3117 dixi),
948 3031 1152 3116 Asclepiadis
1178 3033 1299 3098 librum

147 3163 227 3206 mox
251 3140 291 3204 ab
316 3138 388 3203 aliis
413 3141 545 3203 auctum
568 3158 638 3202 esse
662 3138 819 3221 suspicor,
845 3138 899 3222 qui
922 3159 1003 3221 quae
1027 3139 1060 3203 in
1084 3139 1142 3203 illo
1164 3142 1318 3225 propter,

148 3246 309 3331 temporis
328 3245 488 3310 rationem
508 3247 617 3308 extare
631 3245 813 3328 nequirent,
832 3244 919 3309 ultro
934 3245 1183 3329 adscripserunt.
1208 3243 1298 3310 Oete·

146 3376 223 3418 rum
251 3351 364 3417 eadem
388 3373 515 3437 quoque
539 3350 578 3414 de
602 3372 700 3415 causa
722 3351 772 3415 vel
797 3351 1016 3433 Tyrannionis
1041 3351 1173 3415 maioris
1197 3351 1297 3417 vitam

148 3460 193 3524 ab
212 3458 405 3544 Asclepiade
428 3480 494 3523 non
519 3457 656 3522 describi
680 3458 826 3543 potuisse
850 3458 978 3542 opinor3
1008 3479 1203 3541 quamquam
1226 3481 1297 3523 eam

148 3565 373 3650 quaestionem
388 3570 516 3630 tantum
528 3565 687 3650 stringere
702 3565 736 3627 in
747 3566 855 3628 animo
872 3567 929 3628 est.
949 3562 1150 3648 Asclepiadis
1161 3564 1298 3649 denique

147 3671 334 3737 doctrinam
358 3694 377 3735 a
394 3671 532 3736 Philone
551 3671 671 3754 Byblio
692 3670 931 3754 suppeditatam
955 3693 1024 3736 esse
1042 3671 1209 3754 Hesychio
1233 3693 1298 3736 non

147 3777 303 3864 probavit
326 3777 435 3862 Daub,
459 3776 548 3843 Stud.
563 3801 593 3862 p.
613 3779 683 3844 147.

239 3891 392 3957 Fortasse
412 3893 511 3957 etiam
530 3893 696 3958 alterum
716 3892 918 3976 Asclepiadis
937 3893 1078 3959 librum
1093 3893 1127 3957 in
1141 3892 1297 3977 Hesychii

148 3999 298 4065 fontibus
318 3998 541 4064 collocandum
561 4000 744 4085 suspiceris.
772 3998 938 4065 Laudatur
956 4001 1043 4064 enirn
1057 4001 1093 4065 in
1105 3985 1296 4069 vitaAscle-

148 4106 256 4192 piadis
281 4105 362 4170 liber
386 4100 585 4189 φιλοσόφων
608 4108 748 4189 βιβλίων
773 4101 995 4192 διορθωτικά,
1022 4128 1085 4191 quo
1109 4105 1147 4169 de
1171 4105 1297 4169 delectu
1328 4168 1331 4177 ,
1395 4128 1404 4148 ·

148 4213 311 4277 librorum
329 4211 629 4296 philosophicorum
654 4212 798 4296 disputat
764 4234 854 4277 aum
872 4212 972 4278 fuisse
991 4211 1156 4299 perspexit
1142 4209 1297 4295 tRohde‚

149 4318 234 4385 Mus
253 4318 355 4385 Rhen.
373 4317 568 4402 XXXIIIp.
593 4319 656 4383 174
678 4322 807 4401 not,u
786 4323 1005 4404 uttanquam
1037 4318 1296 4402 supplementum

151 4427 193 4492 ad
211 4428 353 4503 πίνακας
370 4421 616 4510 Περγαμηυούς
633 4425 745 4491 laudat
731 4429 782 4491 tos
802 4449 822 4490 a
840 4425 996 4510 Dionysio
1016 4423 1296 4490 Halicamassensi
