2880 5054
247 307 288 374 76
698 306 920 368 ,HESYCHIUS.

243 471 418 555 ἐπαφεῖναι
443 467 541 561 αὐτῷ.
583 473 618 538 οί
639 467 677 537 δέ
700 467 882 555 ίστόρησαν
906 465 967 555 οὐχ
991 463 1056 535 ὐπὸ
1074 469 1200 553 κυνῶν,
1223 464 1299 536 ἄλλ’
1322 464 1383 537 ὑπὸ

242 581 412 662 γυναικῶν
449 576 580 662 νύκτωρ
619 580 885 663 διασπασθῆναι,
921 574 1149 662 πορευόμενον
1187 572 1276 661 άωρὶ
1309 574 1383 661 πρὸς

244 681 419 770 Κρατερὸν
442 682 501 751 τὸν
526 682 695 771 ἐρόμενον
715 681 908 769 Ἀρχελάου·
930 682 986 749 καὶ
1008 680 1071 768 γὰρ
1096 694 1190 768 σχεῖν
1210 679 1318 751 αὐτὸν
1334 682 1383 751 καὶ

242 790 318 876 περὶ
340 790 419 870 τοὺς
442 789 614 870 τοιούτους
637 796 769 879 ἐρωτας.
811 792 846 858 οί
867 788 904 856 δὲ
927 786 1010 873 πρὸς
1031 785 1094 875 τήν
1116 785 1265 876 γαμετήν
1289 795 1382 856 Νικο-

216 901 341 965 οδίκου
367 903 428 966 τοῦ
455 896 684 984 Ἀρεθουσίου.
731 903 785 984 ἐτη
815 896 852 965 δέ
879 898 1005 983 βιωναί
1024 898 1174 983 <φασιν>
1198 892 1306 964 αὐτὸν
1328 895 1382 981 οε’,

242 1005 297 1072 καὶ
320 1003 361 1074 τά
380 1002 462 1074 όστόι
481 1004 586 1075 αὐτοῦ
605 1008 641 1075 ἐν
661 1008 772 1095 Πέλλη
797 1009 1012 1093 μετακομίσαι
1030 1003 1091 1071 τὸν
1110 1004 1274 1089 βασιλέα]
1312 1003 1382 1091 δράε

243 1139 328 1198 ματα
348 1112 385 1180 δέ
408 1111 514 1182 αὐτοῦ
537 1112 619 1181 κατὰ
638 1115 699 1200 μέν
721 1140 814 1191 τινας
838 1111 897 1197 οε’,
919 1109 1001 1178 κατά
1027 1110 1064 1179 δὲ
1086 1107 1211 1189 ἄλλους
1234 1109 1304 1197 οβ’,
1326 1110 1382 1180 στό-

246 1225 357 1301 ζονται
382 1220 419 1288 δὲ
459 1219 496 1302 ζ’.
533 1226 628 1299 νίκας
652 1220 688 1288 δὲ
712 1218 860 1287 ἀνείλετο
885 1217 925 1302 ε’,
947 1215 1005 1296 τὰς
1028 1215 1089 1303 μέν
1113 1215 1148 1282 δ’
1167 1217 1306 1304 περιών,
1327 1215 1381 1305 τήν

244 1325 281 1394 δὲ
312 1331 392 1414 μίαν
424 1326 504 1414 μετὰ
535 1326 597 1414 τήν
628 1325 800 1414 τελευτήν,
833 1323 1084 1411 ἐπιδειξαμένου
1115 1321 1152 1390 τὸ
1189 1326 1303 1410 δρᾶμα
1327 1328 1382 1392 τοῦ

204 1453 230 1492 1⁰
244 1429 429 1519 ἀδελφιδοῦ
453 1433 557 1502 αὐτοῦ
580 1433 778 1522 Εὐριπίδου.
821 1433 1007 1512 ἐπεδείξατο
1032 1428 1070 1497 δέ
1088 1426 1191 1509 ὅλους
1213 1429 1381 1513 ἐνιαυτοὺς

244 1537 308 1625 μβ.
353 1540 407 1607 καὶ
430 1547 564 1631 τελευτᾷ
588 1541 641 1610 ἐπὶ
663 1544 721 1628 τής
744 1539 794 1626 (ιγ’
818 1536 1031 1625 ὀλυμπιάδος.

332 1666 561 1733 OCLXXXIX.
602 1661 798 1750 Εὐσέβιος
823 1661 976 1749 Ἀράβιος
1004 1660 1182 1749 σοφιστής,
1214 1660 1380 1750 άντισοφι-

243 1770 383 1852 στεύσας
404 1773 459 1840 καὶ
484 1770 583 1852 αὐτὸς
607 1770 795 1864 Οὐλπιανῷ.

331 1897 452 1965 OCXC.
490 1895 698 1982 [Εὐσέβιος
722 1893 739 1963 ό
760 1901 955 1982 Παμφίλου,
976 1899 1215 1981 προσκείμενος
1233 1898 1275 1984 τῇ
1290 1892 1380 1981 Ἀρει-

204 2022 229 2063 15
242 2008 340 2092 ανική
360 2005 500 2092 αίρέσει,
527 2005 703 2081 ἐπίσκοπος
722 2008 925 2091 Καισαρείας
942 2007 1001 2089 τής
1019 2008 1266 2088 Παλαιστίνης,
1289 2021 1379 2070 σπου

243 2115 338 2190 δαῖος
369 2112 406 2177 ἐν
437 2125 509 2190 ταῖς
541 2116 650 2190 θείαις
681 2124 842 2197 γραφαῖς,
872 2110 928 2178 καὶ
959 2113 1017 2197 τής
1043 2114 1142 2188 θείας
1169 2108 1380 2195 βιβλιοθήκης

243 2215 310 2306 άμα
343 2223 510 2308 Παμφίλῳ
545 2222 590 2309 τῷ
624 2216 766 2305 μάρτυρι
798 2218 1047 2302 ἐπιμελέστατος
1079 2214 1287 2303 άνιχνευτής.
1338 2217 1380 2297 ἐξ·

244 2327 346 2394 έδωκε
377 2323 483 2392 πολλὰ
514 2324 628 2411 τεόχη,
662 2315 709 2392 ὧν
734 2328 797 2391 είσι
826 2322 919 2392 τάδε·
948 2306 1161 2411 εὐαγγελικής
1189 2320 1380 2405 ἀποδείξεως

243 2431 337 2518 λόγοι
365 2430 409 2517 κ’,
438 2429 650 2518 εὐαγγελικής
676 2434 951 2518 προπαρασκευής
977 2429 1072 2517 λόγοι
1102 2429 1155 2516 ιε’,
1184 2435 1380 2519 θεοφανείος

203 2553 229 2592 ²⁰
243 2538 338 2626 λόγοι
357 2537 397 2624 ε’,
419 2539 688 2625 έκκλησιαστικῖγς
707 2540 854 2625 ἱστορίας
872 2536 969 2624 λόγοι.
989 2539 1024 2623 ι’,
1044 2541 1212 2625 χρονικῶν
1231 2537 1379 2617 κανόνων
1401 2570 1411 2593 ·

242 2650 456 2732 παντοδαπῆς
479 2648 637 2731 ίστορίας,
660 2644 715 2712 καὶ
738 2644 866 2712 τούτων
891 2643 1037 2733 ἐπιτομή.
1073 2644 1130 2712 καὶ
1147 2645 1223 2731 περὶ
1242 2650 1302 2733 τῆς
1318 2648 1405 2715 τόν·

242 2750 444 2839 εὐαγγελίων
471 2757 671 2838 διαφωνίας,
700 2754 747 2829 είς
778 2748 838 2818 τόν
865 2748 1042 2839 προφήτην
1067 2749 1207 2820 Ἠσαίαν
1230 2750 1326 2838 λόγοι
1346 2750 1377 2837 ι’,
1430 2738 1432 2745 ’

241 2857 325 2925 κατά
343 2865 545 2948 Πορφυρίου
567 2862 627 2926 τοῦ
643 2857 717 2926 τότε
736 2854 991 2945 συγγράφοντος
1010 2859 1046 2925 ἐν
1066 2863 1216 2948 Σικελία,
1238 2856 1283 2939 ὥς
1300 2883 1377 2937 τινες

244 2973 387 3050 οίονται,
402 2965 496 3052 λόγοι
511 2966 550 3049 λ’,
573 2967 718 3032 τοπικῶν
731 2964 830 3049 λόγος
844 2961 889 3048 α’,
904 2961 1084 3050 άπολογίας
1099 2961 1184 3049 ὑπὲρ
1196 2963 1378 3052 Ὠριγένονς

203 3087 229 3128 2⁵
243 3069 337 3157 λόγοι
367 3069 409 3157 ς’,
438 3073 512 3155 περὶ
535 3075 596 3139 τοῦ
618 3076 697 3158 βίον
716 3075 899 3155 Παμφίλου
922 3069 1018 3156 λόγοι
1041 3069 1086 3157 γ’,
1109 3057 1185 3155 περὶ
1208 3070 1377 3161 μαρτύρων

243 3180 336 3267 ἕτερα
360 3177 609 3267 συγγράμματα,
621 3178 688 3245 καὶ
711 3181 759 3256 είς
775 3174 853 3256 τοὺς
872 3175 927 3265 ρν’
946 3175 1099 3265 ψαλμοὺς
1118 3178 1376 3267 δεδοκιμασμένα

315 3461 387 3531 1τῷ
408 3456 549 3533 Εὐριπίδη
563 3479 614 3531 pro
630 3455 706 3532 αὐτῷ
723 3459 794 3513 Mos.
838 3457 928 3528 ἕτεροι
944 3461 1016 3516 Mos.
1033 3458 1264 3533 [οτορήοαντεςΥ
1304 3464 1378 3519 m·

242 3541 358 3593 κοδίκου
377 3545 454 3593 m
474 3539 643 3612 Νικοδήμου
661 3539 707 3595 vel
727 3540 894 3608 Νικοδημοῦ
912 3542 984 3610 υκίγ.
1074 3548 1090 3598 5
1111 3542 1281 3616 βεβιωκέναι
1299 3542 1377 3611 φασίν

243 3619 314 3674 Mos.
341 3621 440 3692 βιῶναι
464 3638 516 3675 om.
542 3640 629 3690 φασιν
649 3620 728 3674 διιίιί.
753 3637 842 3686 φασιν
864 3620 968 3676 inserui
990 3621 1035 3690 (cf.
1059 3641 1084 3677 v.
1106 3623 1253 3692 Δαφίδας)
1273 3616 1312 3693 ρέ
1332 3638 1378 3693 pro

243 3695 282 3754 οέ
301 3700 445 3754 Dobraeus
465 3702 577 3757 Advers.
597 3708 612 3755 2
633 3721 659 3772 p.
681 3707 731 3755 125
751 3695 852 3754 καὶτὰ
872 3695 940 3754 ὀστᾶ
959 3732 994 3740 -
1013 3696 1051 3756 οέ
1072 3718 1126 3756 om.
1145 3706 1170 3755 Δ
1250 3700 1377 3771 ’ἰσάζον

242 3800 288 3833 τοι
307 3778 339 3834 δὲ
360 3777 401 3846 οζ’
422 3787 517 3835 om.V
597 3779 851 3851 9ἐιτιδειξαμένον
871 3811 903 3820 -
923 3777 972 3850 μβ’
993 3799 1047 3835 om.
1068 3781 1141 3836 Μοε.
1216 3789 1252 3839 10
1269 3779 1377 3853 ἀδελφι-

242 3861 310 3923 δοῦς
329 3861 438 3915 omissis
457 3857 545 3917 αὐτοῦ
566 3858 673 3930 Εὐρ]
747 3869 778 3916 11
804 3856 852 3928 ιβ’
871 3864 921 3912 Av
940 3857 987 3919 κς’
1006 3861 1056 3917 rel.
1078 3856 1127 3931 μς’
1146 3862 1289 3935 Ηονίκιιμ.
1319 3864 1377 3919 Eut.

241 3940 329 3993 εοελὶλ.
350 3948 363 3994 1
384 3960 409 4010 p.
427 3947 445 3995 4
481 3938 529 4016 μβ
549 3944 715 4012 Bernhardy
735 3943 871 3997 Westerm.
891 3939 940 3994 κοιλ
958 3938 1075 3996 τελεότα
1088 3945 1112 3994 Δ
1130 3943 1249 4019 τελευτᾷ
1268 3940 1298 3999 δ’
1312 3944 1378 4001 Me&

242 4015 373 4077 άπέθανε
395 4018 442 4111 ἐπιδ
461 4024 532 4093 plur.
553 4024 657 4079 Suidae
675 4021 741 4077 libri

313 4119 497 4174 CCLXXXIX
516 4121 591 4174 Ειιό.
607 4140 632 4190 p.
644 4127 704 4176 289.
738 4120 777 4174 cf.
797 4120 892 4187 Βοιὼ,
911 4120 946 4172 de
963 4115 1039 4173 Suid.
1055 4137 1081 4188 p.
1093 4125 1145 4174 407
1202 4126 1236 4175 12
1257 4117 1289 4185 δς
1306 4116 1379 4177 όνπε-

242 4201 424 4267 σοφίστενσεν
446 4195 534 4255 Οὐλπ.
554 4200 628 4254 Eud.
707 4206 739 4254 13
760 4195 958 4269 ΟὐαπιανῷΕ

313 4296 405 4351 CGXC
425 4297 505 4349 fluxit
523 4315 556 4351 ex
575 4297 837 4366 Hieram-Sophron.
857 4315 880 4350 ο.
900 4302 932 4351 81
1018 4302 1051 4350 14
1067 4291 1206 4369 Ἀριανωιή
1226 4303 1250 4352 Δ
1328 4290 1377 4369 ὐφ’

243 4369 281 4429 ὧν
301 4375 341 4438 είς
361 4372 410 4445 ἐμὲ
431 4373 508 4444 λόγοι
528 4377 616 4429 είκοοι
635 4374 722 4446 μόνον
741 4379 898 4445 περιῆλθον
917 4377 982 4444 post
1002 4379 1072 4432 Παλ.
1094 4377 1157 4431 add.
1177 4376 1263 4447 Soph

243 4461 276 4508 22
296 4452 344 4508 τὸν
363 4452 512 4524 προφήτην
533 4472 587 4508 om.
607 4455 689 4525 Soph.
762 4463 796 4511 25
816 4458 866 4512 τοῦ
886 4460 921 4514 Π.
941 4459 1013 4526 υκίγ.
1033 4458 1083 4512 τοῦ
1104 4474 1159 4513 om.
1175 4460 1253 4525 m
1312 4506 1316 4511 .
