2880 5054
175 296 240 359 216
639 294 854 349 HESYCHIUS.

175 462 289 544 βιβλία
312 457 358 543 β’,
382 458 535 542 περὶτοῦ
554 456 636 523 κατὰ
649 453 833 542 Ῥωμαίους
851 457 1008 524 ἐνιαυτοῦ
1026 460 1162 543 βιβλίον
1181 454 1226 541 α’,
1245 452 1305 545 περὶ

175 571 244 634 τῶν
271 567 308 633 ἐν
331 578 401 643 τοῖς
423 569 567 650 βιβλίοις
590 567 736 648 σημείων
760 563 806 647 α’,
834 562 909 646 περὶ
932 566 991 648 τῆς
1014 564 1210 648 Κικέρωνος
1229 570 1306 631 πολι

174 678 263 752 τείας
291 671 324 738 α’
349 669 527 758 (ἀντιλέγει
559 670 597 738 δὲ
619 673 664 760 τῷ
690 667 864 759 Διδύμην),
895 669 970 755 περὶ
994 666 1323 761 όνομάτωυκνρίων,

175 779 230 847 καὶ
254 778 345 857 ἰδέας
367 776 568 865 ἐσθημάτων
591 776 646 843 καὶ
667 773 892 862 ὑποδημάτων
911 775 1053 843 καὶτῶν
1073 774 1188 845 άλλων
1208 772 1254 858 οίς
1266 764 1306 857 τις

149 885 415 973 δάμφιένννται,
444 885 519 971 περὶ
550 881 737 971 δυσφημων
766 884 887 963 λέξεων
916 881 990 969 ἤτοι
1018 888 1240 972 βλασφημιῶν
1266 885 1309 953 καί

176 992 284 1061 πόθεν
313 990 448 1078 ἑκάστη,
478 991 553 1079 περὶ
576 989 703 1077 Ῥάμης
729 990 786 1057 καὶ
816 993 885 1057 τῶν
914 990 951 1058 ἐν
979 987 1064 1081 αὐτῇ
1092 997 1245 1079 νομίμων
1267 992 1309 1061 καλ

174 1098 272 1187 ἠθῶν
302 1103 415 1185 βιβλία
441 1098 488 1184 β’,
517 1096 733 1184 συγγενικόν,
762 1094 946 1183 Καισάρων
976 1098 1134 1185 (περιέχει
1164 1100 1203 1167 δὲ
1232 1104 1310 1185 βίους

176 1205 258 1274 κατὰ
290 1203 448 1292 διαδοχὰς
478 1203 589 1272 αὑτῶν
613 1201 677 1271 άπὸ
698 1201 844 1272 Ἰουλίου
867 1204 929 1285 ἕως
948 1208 1180 1295 Δομετιανοῦ)
1215 1211 1310 1293 βιβλία

177 1312 223 1398 η’,
248 1313 374 1399 στέμμα
392 1308 565 1398 Ῥωμαίων
589 1307 728 1397 ἀνδρῶν
750 1308 931 1398 ἐπισήμων.

143 1440 169 1478 ιο
274 1418 445 1486 Deeelss.
474 1415 749 1504 Τριβωνιανὸς
768 1422 1039 1487 Μακεδονιανοῦ.
1058 1417 1123 1488 άπὸ
1142 1419 1309 1507 δικηγόρων

179 1530 247 1595 τῶν
286 1522 454 1611 ὑπάρχων.
510 1515 623 1607 [οὗτος
659 1521 677 1591 ὁ
714 1523 942 1611 Τριβωνιανὸς
956 1523 1082 1613 Ἕλλην
1113 1523 1242 1616 ὑπῆρχε
1269 1528 1309 1597 καλ

181 1632 285 1712 decos
303 1634 358 1700 καλ
377 1629 552 1718 άλλότριος
571 1629 652 1698 κατά
672 1629 781 1699 πάντα
799 1635 857 1718 τῆς
874 1635 942 1700 τῶν
960 1638 1166 1719 χριστιανων
1182 1640 1308 1719 πίστεως,

180 1739 282 1821 κόλαξ
306 1740 343 1807 δέ
365 1739 421 1806 καλ
444 1734 596 1806 άπατεών
620 1738 675 1804 καὶ
699 1743 828 1806 πείθων
845 1735 1093 1809 Ἰουστινιανὸν
1113 1738 1177 1810 τὸν
1194 1743 1308 1827 βασιλέα

180 1844 225 1927 ὡς
249 1843 299 1915 ότι
325 1845 387 1914 οὐκ
411 1843 641 1931 ἀποθανεῖται,
660 1841 735 1912 ἀλλ’
757 1850 804 1925 είς
822 1844 902 1925 τοὺς
922 1844 1091 1934 οὐρανοὺς
1108 1846 1190 1935 μετά
1211 1846 1307 1938 σαριιὺς

147 1972 171 2011 1⁵
186 1951 472 2041 άναληφδησεται.
518 1943 560 2038 ἦν
585 1951 622 2019 δὲ
645 1956 824 2039 κοιαίστωρ
845 1950 1110 2038 Ἰουστινιανοὺ.]

276 2060 446 2127 ΒΟΟΟΝ.
488 2057 765 2145 Τριβωνιανὸς
784 2057 947 2146 Σιδήτης,
970 2057 1036 2129 άπὸ
1057 2061 1244 2151 δικηνόρων
1258 2062 1307 2130 τόν

181 2164 342 2253 ὑπάρχων
364 2164 420 2232 καὶ
443 2163 558 2251 αὑτός,
582 2164 671 2253 άνὴρ
693 2165 902 2253 πολυμαθής.
943 2172 1089 2253 ἔγραψεν
1112 2170 1230 2248 έπικῶς
1247 2162 1306 2237 ὑπό

182 2299 295 2360 μνημα
319 2276 366 2350 εἰς
388 2271 448 2338 τὸν
468 2277 681 2359 Πτολεμαίου
703 2272 843 2358 κανόνα,
868 2280 1070 2361 συμφωνίαν
1090 2280 1152 2345 τοὺ
1170 2276 1305 2364 κοσμικοί

185 2381 242 2447 καὶ
269 2377 457 2467 ἁρμονικοῦ
480 2381 697 2466 διαδέματος,
726 2385 773 2460 εἰς
794 2378 855 2448 τὸν
877 2380 1063 2450 πολεάοντα
1086 2384 1143 2451 καὶ
1166 2374 1305 2463 διέποντα,

142 2504 168 2542 2⁰
182 2493 229 2566 είς
256 2484 334 2567 τοὺς
368 2489 437 2554 τάν
465 2489 693 2573 πλανωμένων
721 2494 848 2574 οίκους,
878 2488 935 2555 καὶ
962 2487 1016 2556 διὸ
1045 2488 1170 2582 ἑκάστω
1197 2482 1305 2568 οἶκοςὺ

184 2599 302 2679 δεῖνα,
326 2598 373 2673 είς
395 2591 474 2672 τοὺς
496 2591 552 2660 κδ’
575 2592 681 2672 πόδας
703 2590 781 2672 τοὺς
803 2592 979 2681 μετρικοὺς
1000 2595 1056 2663 καὶ
1078 2594 1159 2677 τοὺς
1179 2595 1231 2683 κη’
1250 2591 1306 2671 τοὺς

191 2698 394 2789 ῥυδμικοός,
422 2699 631 2787 μετάφρασιν
656 2704 717 2767 τοῦ
734 2697 913 2787 Ὁμηρικοῦ
936 2704 1003 2770 τῶν
1027 2707 1115 2771 νεῶν
1137 2702 1306 2788 καταλόχον,

188 2807 350 2894 διάλογον
366 2806 583 2875 Μακεδόνιον
602 2801 712 2895 ἢπερλ
731 2805 957 2894 εὐδαιμονίας,
978 2809 1060 2894 [καὶ]
1074 2814 1154 2898 βίον
1167 2805 1306 2879 Θεοδότου

182 3007 251 3076 βιβλ.
267 3000 306 3074 β’,
324 3003 389 3072 περί
407 3004 463 3058 τῶν
477 2999 554 3071 παρά
571 2998 650 3072 Ῥωμ.
665 3004 743 3057 παιδ.
758 3001 808 3057 καὶ
821 2997 867 3072 cip.
882 3003 954 3075 βιβλ.
970 2996 998 3074 β’
1014 3002 1057 3058 ita
1074 3007 1108 3061 ut
1120 3006 1186 3077 περὶ
1199 3000 1304 3073 drop&

182 3099 248 3138 casu
266 3082 422 3154 irrepserit,
446 3081 585 3152 sagaciter
607 3082 755 3152 proposuit
775 3083 858 3150 Reiff.
877 3101 906 3153 p.
922 3087 974 3136 461
990 3099 1048 3151 seq.
1127 3092 1144 3140 3
1168 3087 1203 3141 de
1218 3100 1267 3155 rep.
1280 3078 1305 3135 ά.

182 3163 321 3229 Schmidt,
340 3163 403 3217 Did
417 3181 445 3233 p.
460 3169 513 3217 400
550 3164 655 3232 κυρίων
673 3179 730 3216 non
748 3164 887 3233 quadrare
906 3161 1057 3218 videbatur
1075 3164 1178 3222 Rodio
1196 3166 1224 3221 ei
1240 3164 1305 3219 Bm·

181 3246 300 3314 hardy03
319 3245 369 3300 sed
388 3244 422 3298 cf.
441 3243 520 3298 Reiff.
539 3261 565 3310 p.
581 3248 633 3297 453
714 3248 729 3297 7
751 3245 819 3314 post
839 3239 1008 3314 συγγενικόν
1010 3242 1202 3343 interpunxit
1217 3244 1306 3315 Reiffer-

127 3322 132 3329 ’
180 3325 272 3379 scheid
291 3324 337 3393 (cf.
356 3324 413 3378 ind.
433 3343 459 3393 p
475 3325 552 3392 563),
576 3323 624 3392 qui
643 3322 763 3378 contulit
778 3319 913 3393 Ἄριστοφ.
934 3320 966 3379 ἐν
985 3326 1023 3396 τῷ
1038 3328 1195 3400 σνχχενιιιῷ
1214 3322 1308 3412 (Neci

182 3406 228 3459 Ar.
247 3423 274 3474 p
292 3405 367 3473 130),
387 3406 471 3458 antea
489 3398 657 3472 συγγενικὸν
672 3400 825 3473 Καισάρων
840 3380 1032 3476 coniunctuni‚
1050 3404 1160 3479 στέμμα
1174 3425 1247 3479 pepp.
1257 3399 1308 3460 oeni

186 3484 316 3550 Βοίλίκε,
332 3484 366 3539 cf.
382 3483 469 3553 Oohn,
485 3482 584 3537 Annal.
600 3482 701 3537 Philol.
718 3481 815 3555 Suppl.
829 3483 920 3555 Xle.
932 3490 983 3540 372
1020 3481 1217 3557 καισάρωνιῗ,
1229 3474 1308 3553 τδίιβ

185 3564 273 3618 latere
287 3564 360 3618 vidit
373 3526 552 3635 Βινκάανᾱχι,
571 3565 709 3633 probante
723 3564 806 3632 Ιίσίβ.
861 3560 1185 3625 supernumerarii
1201 3562 1310 3623 nuent

185 3642 407 3711 Reifferscltcide'o
457 3643 506 3698 καὶ
519 3646 593 3714 vulp.
661 3650 677 3698 3
697 3643 840 3715 στέμματα
860 3642 931 3700 coni.
946 3644 1049 3701 Βανά.

254 3724 387 3779 Decem
401 3740 454 3779 om.
466 3725 540 3780 cht
529 3730 603 3779 term
617 3725 711 3779 Verba
725 3726 836 3781 seclusa
850 3743 905 3781 non
919 3726 955 3781 ab
964 3725 1107 3797 Hesychia
1125 3728 1251 3800 profecta
1261 3738 1313 3789 δῦθι

184 3822 229 3860 cur
222 3804 363 3859 fortasse
377 3820 413 3858 ne
427 3804 487 3859 ulla
498 3804 611 3873 quidem
626 3806 700 3861 vitae
716 3808 782 3877 pars
793 3805 936 3873 debeatur,
950 3822 1047 3861 monui
1037 3804 1130 3863 Mus.
1137 3809 1225 3865 Eheu.
1234 3800 1314 3865 mi

183 3905 211 3955 p.
226 3891 287 3940 223.
325 3882 365 3938 ef
387 3883 512 3938 Pseudo·
518 3884 582 3939 Hcs.
603 3903 625 3938 o.
641 3892 675 3940 66
741 3893 774 3940 10
793 3881 850 3940 ἀπὸ
870 3887 924 3941 δικ
950 3885 983 3941 cf.
999 3885 1208 3959 Wictersheim,
1220 3886 1314 3945 vona

185 3964 449 4034 wand.II[p.105
505 3968 536 4017 11
558 3955 693 4027 οὑτος-
713 3965 779 4021 exit.
799 3966 833 4020 de
853 3967 1002 4035 quaestore
1021 3966 1082 4037 agi,
1103 3931 1215 4025 diversit
1232 3968 1276 4025 iile
1289 3962 1316 4019 *b

184 4043 323 4100 causidico
337 4043 424 4114 praef.
439 4045 536 4113 praet,
549 4046 623 4099 hunc
638 4061 703 4101 vero
718 4047 846 4101 eundem
861 4063 923 4101 oum
939 4044 1047 4114 Sidete,
1066 4050 1166 4104 monet
1178 4044 1330 4106 erodet

257 4125 391 4181 Decelv
429 4131 461 4179 13
480 4121 639 4180 πολεόοντα
654 4131 704 4178 AV
724 4127 959 4195 Ησκιείσκλιιιείαε,
977 4122 1165 4184 πολιτεύοντα
1182 4130 1232 4185 rel.

187 4212 222 4260 23
240 4202 310 4275 πρὸς
329 4202 513 4260 Μακεδόνων
531 4206 710 4277 Βικιιλακάη
734 4207 768 4261 de
787 4225 820 4263 eo
840 4168 1075 4277 epigrauimatum
1094 4210 1182 4279 poeta
1199 4208 1317 4287 opgituut

187 4286 264 4340 ouius
277 4287 406 4341 meminit
419 4307 444 4342 v.
462 4283 606 4357 Ἀχαδίας,
626 4304 688 4341 eum
702 4292 779 4343 Μακ.
795 4288 961 4360 inscriptum
974 4287 1063 4345 fuisse
1078 4278 1224 4363 dialoguni
1235 4284 1318 4362 prieti

191 4369 345 4422 Θεοδοσίου
363 4369 473 4423 mavult
491 4368 670 4438 Bernhardy,
691 4370 750 4426 scil.
766 4367 1009 4438 mathematicum,
1029 4368 1108 4426 cuiue
1124 4370 1256 4427 vitemS.
1271 4368 1318 4439 ipo

186 4463 269 4514 supra
287 4447 435 4516 descripsit
