2880 5054
182 297 246 360 128
643 293 856 349 HESYGHIUS.

182 452 433 540 περιπατητικὸς
453 454 507 521 καὶ
528 453 698 540 σοφιστής,
718 451 870 540 μαθητὴς
889 452 895 543 Ι
914 452 1099 532 Πλάτωνος
1117 449 1138 539 ἢ
1153 450 1201 532 ὥς
1218 454 1324 545 τινεςΙ

150 556 153 560 “
180 560 433 646 Ἀριστοτέλους.
479 566 602 646 ἔγραφε
629 559 669 627 τὰ
697 558 778 628 κατὰ
805 566 972 627 Φίλιππον
999 559 1116 647 καὶτὸ
1140 559 1326 642 Βυζάντιον

179 675 322 755 βιβλίοις
337 668 376 753 ζ’,
393 667 399 758 Ι
418 669 678 752 Τευθραντικόν,
694 667 768 752 περὶ
781 672 932 752 Βησαίου
947 665 970 756 Ι,
984 664 1044 734 τὸν
1060 665 1154 753 ἱερὸν
1168 664 1325 754 πόλεμον,

181 776 269 863 [περὶ
294 774 456 860 στάσεων]
486 774 492 865 Ι
517 772 556 841 τδι
581 770 652 841 κατ’
686 770 915 861 Ἁλέξανδρον.
942 771 948 862 Ι
976 764 1089 858 [οὗτος
1118 767 1162 860 ἦν
1196 773 1326 863 σφόδρα

154 881 302 968 τπαχυς,
333 882 388 947 καὶ
411 879 617 969 πρεσβεύσας
640 877 722 964 πρὸς
743 877 944 964 Ἀθηναίους
966 881 1093 965 γέλωτα
1117 883 1252 968 ἐκίνησε
1273 882 1325 949 καὶ

180 993 240 1076 τῆς
263 994 438 1077 πρεσβείας
461 986 651 1074 ε’κροίτησεν,
676 986 788 1072 ἐπειδὴ
812 992 899 1054 πίων
922 989 1078 1073 ἐφαίνετο
1101 988 1157 1055 καὶ
1177 985 1326 1075 περιττὸς

181 1093 244 1180 τὴν
276 1096 428 1182 γαστέρα.
478 1094 657 1180 ταραχθεὶς
691 1092 728 1160 δὲ
762 1091 863 1160 οὐδὲν
895 1090 964 1160 ἀπὸ
996 1096 1057 1161 τοῦ
1089 1096 1325 1192 γέλωτοςῇτί

183 1208 246 1289 ἔφη
272 1194 314 1269 ἢὸ
335 1198 525 1287 Ἀθηναῖοι,
557 1204 687 1285 γελᾶτε;
715 1195 735 1286 ἢ
765 1197 816 1267 ὅτι
842 1198 947 1287 παχὺς
975 1198 1038 1285 ἐγώ
1066 1202 1121 1268 καὶ
1149 1205 1322 1282 τοσοῦτος;

181 1315 250 1376 ἔστι
287 1335 343 1395 μοι
370 1308 426 1375 καὶ
453 1305 540 1394 γυνὴ
569 1311 681 1398 πολλῷ
709 1309 891 1394 παχυτέρα,
923 1308 978 1375 καὶ
1007 1305 1241 1395 ὁμονοοῦντας
1267 1308 1324 1395 μὲν

142 1438 167 1477 ιο
184 1414 269 1502 ἡμᾶς
296 1429 398 1503 χωρεῖ
425 1412 445 1501 ἡ
474 1420 586 1499 κλίνη,
617 1414 883 1500 διαφερομένους
907 1413 943 1481 δὲ
967 1411 1086 1501 οὐδὲὴ
1111 1417 1229 1484 οίκία’.
1272 1416 1323 1483 καὶ

182 1527 228 1602 είς
261 1525 299 1588 ἓν
328 1514 434 1609 ἦλθεν
464 1519 481 1588 ὁ
510 1523 577 1588 των
602 1518 794 1605 Ἀθηναίων
822 1524 928 1607 δῆμος
957 1518 1143 1609 διρμοσθελς
1170 1519 1237 1590 ὑπὸ
1267 1524 1324 1591 τοῦ

183 1630 328 1708 Λέοντος
355 1634 468 1715 σοφῶς
495 1627 787 1715 έπισχεδιοίσαυτος
814 1631 859 1719 τῷ
886 1632 1002 1718 καιρῷ.
1054 1619 1154 1708 οὗτος
1182 1625 1201 1696 ὁ
1232 1628 1322 1696 Λέων

181 1734 454 1823 ἄποκρουόμενος
479 1733 539 1803 τὸν
566 1741 732 1803 Φίλιππον
764 1732 828 1801 ἀπὸ
858 1739 918 1802 τοῦ
942 1741 1131 1816 Βυζαντίου
1160 1734 1320 1822 διεβλήθη

180 1843 269 1932 παρὰ
291 1849 459 1911 Φιλίππου
482 1840 565 1931 πρὸς
587 1839 666 1920 τοὺς
689 1847 894 1922 Βυζαντίους
918 1839 962 1908 δι’
989 1843 1165 1928 ἐπιστολῆς
1189 1841 1323 1929 ἐχούσης

143 1972 168 2012 15
183 1950 289 2030 οὕτως
308 1953 350 2018 ‘et'
367 1952 512 2018 τοσαῦτα
530 1948 680 2036 χρήματα
695 1962 854 2036 παρεῖχον
870 1949 1002 2034 Λέοντι,
1023 1945 1133 2016 ὁπόσα
1150 1976 1193 2036 με
1207 1946 1321 2039 ᾐτεῖτο,

181 2061 217 2126 ἐκ
252 2060 384 2145 προίτης
416 2052 458 2124 διν
491 2062 612 2142 ἔλαβον
645 2054 683 2123 τδ
718 2054 928 2137 Βυζάντιον.
983 2059 1088 2123 ταῦτα
1121 2053 1322 2135 ἀκούσαντος

180 2171 240 2234 τοῦ
265 2165 376 2253 δήμου
399 2163 453 2231 καλ
475 2165 713 2242 έπισυστοίντος
731 2167 770 2251 τῇ
791 2167 879 2252 οἰκίᾳ
898 2166 959 2230 τοῦ
979 2165 1138 2249 Λέοντος,
1162 2165 1321 2252 φοβηθεὶς

181 2273 225 2361 μή
249 2298 332 2351 πως
368 2270 585 2349 λιθόλευστος
621 2266 714 2356 παρ”
738 2265 851 2336 αὐτῶν
887 2269 1039 2355 γένηται,
1082 2268 1207 2338 ἑαυτὸν
1243 2263 1321 2358 ἦρξε,

182 2380 286 2468 μηδὲν
311 2377 375 2446 ἀπὸ
401 2381 458 2464 τῆς
481 2382 602 2462 σοφίας
625 2376 680 2444 καὶ
705 2380 772 2443 τῶν
796 2375 908 2461 λόγων
931 2375 1095 2462 κερδάνας
1119 2374 1138 2445 ὁ
1159 2381 1319 2461 δείλαιος]

142 2507 168 2545 20
272 2487 526 2555 CCOOLXXXI.
563 2486 673 2552 Λέων
690 2480 910 2569 Ἀλαβαυδεδς
928 2482 1048 2571 ῥήτωρ.
1080 2488 1207 2570 ἔγραψε
1227 2492 1320 2569 Καρι·

181 2600 250 2663 κων
273 2599 386 2680 βιβλία
417 2591 462 2678 δ’,
494 2590 645 2659 Λυκιακὰ
677 2593 714 2658 ἐν
741 2595 885 2676 βιβλίοις
915 2588 961 2675 β’,
984 2592 1121 2677 τέχνην,
1152 2592 1229 2680 περὶ
1251 2590 1319 2660 στά-

183 2721 284 2783 σεων,
305 2698 311 2789 Ι
331 2699 391 2766 τὸν
416 2696 508 2783 ἱερὸν
533 2696 680 2783 πόλεμον
707 2697 852 2765 Φωκέων
876 2696 931 2762 καὶ
955 2701 1116 2764 Βοιωτῶν
1136 2697 1158 2788 Ι

271 2806 538 2873 OCCOLXXXII.
575 2810 605 2868 A
615 2829 630 2870 ε
642 2829 667 2870 ω
678 2830 697 2869 ν
710 2807 758 2882 οἷς
781 2801 957 2889 σοφιστής,
977 2801 1142 2892 ’Ἱσαυρος
1158 2804 1197 2880 τὸ
1221 2807 1320 2891 γένος,

183 2913 371 2999 εὐδοκιμῶν
404 2915 441 2980 έν
476 2915 520 3003 τῷ
555 2910 677 2996 πλήθει
710 2914 778 2978 τῶν
804 2913 840 2977 ἐν
866 2906 1096 3001 Ἀλεξανδρείᾳ
1125 2908 1319 3000 ὁμοτέχνων,

182 3069 395 3077 ...--.-.,--.-η

254 3171 267 3218 1
293 3164 379 3218 verba
399 3159 602 3225 Πλάτωνος-
628 3154 664 3222 ὥς
687 3177 761 3220 τινες
785 3159 820 3212 ad
843 3160 965 3214 alterum
988 3160 1168 3230 Byzantium,
1190 3162 1320 3215 rhetorem

181 3245 325 3310 videlieet,
344 3243 489 3298 referenda
502 3258 562 3296 esse
576 3240 647 3295 vidit
661 3239 764 3292 Μιλλλεν
841 3247 856 3293 3
877 3242 993 3311 βιβλίοις
1007 3237 1032 3306 ζ’
1049 3258 1102 3297 om.
1118 3247 1141 3294 V
1198 3245 1320 3311 Τευθρα-

182 3322 262 3378 νικὸν
280 3326 352 3393 υαλμ.
373 3324 447 3377 Eud.
477 3314 690 3387 Τευθραντικόν
710 3322 756 3370 ΔΒ
782 3316 978 3387 Τεθραντικόν
999 3325 1019 3372 Β
1041 3319 1258 3390 Τεθρανντικὸτ
1274 3323 1320 3376 due

201 3407 268 3458 Par.
289 3406 412 3472 Βησαίου
432 3408 482 3455 AV
502 3397 629 3468 Βησάλου
648 3399 720 3467 νκίβ.
739 3398 816 3453 Eud.
877 3397 1043 3469 Βηρισάδου
1062 3401 1134 3455 coni.
1153 3402 1320 3472 Bernhardy,

181 3486 311 3538 laudatus
327 3485 449 3538 Μιλλλαο
521 3487 537 3534 4
556 3480 620 3549 περὶ
640 3475 764 3533 στάσεων
783 3480 879 3547 aperte
899 3497 932 3534 ex
956 3480 1071 3535 alterius
1088 3480 1193 3536 Leonis
1211 3482 1320 3537 Alaban-

180 3563 274 3617 densis
297 3564 357 3617 vita
379 3563 524 3628 iteratum,
554 3561 598 3613 eui
622 3557 708 3612 etiam
733 3560 853 3626 Τευθρ,
875 3577 936 3628 περ.
961 3565 1041 3629 Βησ.,
1066 3556 1103 3614 τὰ
1125 3582 1190 3617 κατ.
1211 3557 1259 3617 m.
1279 3559 1321 3615 tri·

181 3644 292 3698 buende
310 3642 452 3711 perspexit
471 3640 645 3705 θυίεολιαιίιλ,
668 3655 720 3692 nec
742 3637 833 3691 minus
857 3638 892 3690 ad
913 3638 1063 3693 Alexandri
1085 3657 1130 3695 res
1153 3644 1249 3712 gestas
1267 3656 1319 3710 epe·

182 3725 257 3777 ctare
276 3722 396 3791 Hesyeh.
415 3740 441 3776 v.
457 3722 575 3789 Βαιᾶγις
597 3721 663 3789 (non
682 3719 718 3773 ad
734 3719 832 3774 Carice
847 3719 1063 3789 Alabandensis)
1119 3712 1205 3783 οὗτος
1220 3754 1251 3762 -
1266 3719 1316 3775 exit

183 3820 236 3859 om.
257 3802 346 3871 Εκαλ,
370 3819 442 3870 quae
466 3819 499 3856 ex
519 3802 650 3855 Philostr.
669 3799 727 3854 Vie.
747 3801 773 3868 Ι,
793 3806 808 3853 2
829 3801 858 3854 et
876 3801 977 3857 Athen.
997 3799 1049 3852 XII
1068 3819 1095 3870 p.
1116 3806 1171 3869 5⁶⁰
1190 3799 1320 3869 descripte

182 3899 243 3937 esse
263 3883 322 3936 dixi
339 3881 410 3936 Mus.
429 3883 517 3935 Rhen.
532 3882 550 3934 l.
567 3898 589 3934 ο.
872 3888 875 3893 ’
1222 3926 1228 3933 .

255 3961 455 4017 CCCOLXXXI
474 3960 549 4015 Εἰιιλ.
568 3980 595 4030 p.
613 3967 672 4016 461,
707 3961 747 4016 Cf.
767 3964 869 4018 Mfiller
887 3964 905 4016 l.
925 3981 948 4016 ο.
1021 3967 1055 4015 20
1083 3957 1192 4030 ἔγραψε
1212 3994 1244 4002 -
1263 3960 1319 4017 exit

181 4045 210 4097 in
229 4043 355 4112 proximo
372 4040 474 4096 Suidae
493 4042 611 4096 articulo
631 4044 695 4110 post
714 4037 808 4096 αὐτῶν
828 4042 977 4097 exhibetV
1033 4046 1066 4095 21
1088 4036 1120 4095 έν
1141 4043 1210 4114 βιβλ.
1226 4037 1255 4113 β’
1273 4058 1320 4097 om.

181 4130 204 4176 V
277 4131 310 4178 22
330 4124 431 4177 librum
451 4123 485 4175 de
506 4140 584 4176 sacro
603 4121 678 4175 bello
699 4123 824 4190 Byzantii
844 4140 903 4178 esse
922 4122 995 4178 vidit
1015 4122 1122 4176 Μιλλλεκ
1197 4122 1319 4193 Θηβαίων

182 4222 232 4274 pro
252 4211 348 4258 Βοιωτ.
368 4210 389 4256 E

253 4283 469 4339 CCOOLXXXII
488 4283 563 4336 Εκιλ.
583 4301 609 4351 p.
629 4289 696 4351 462,
720 4302 791 4353 quae
810 4287 886 4338 reete
906 4302 960 4339 om.
985 4277 1016 4344 ὃς
1035 4279 1155 4353 Πρόκλῳ
1177 4314 1209 4323 -
1227 4282 1319 4338 exim

183 4363 268 4418 Suida
287 4383 320 4418 ex
338 4363 440 4416 Marini
458 4363 519 4417 vita
533 4361 621 4416 Procl.
638 4383 658 4419 ο.
676 4372 691 4419 8
707 4364 856 4434 descripta.
877 4364 916 4419 Cf.
932 4365 1002 4416 Mus.
1017 4362 1106 4417 Rhen.
1121 4363 1141 4417 l.
1155 4380 1179 4419 e.
1202 4362 1320 4417 Formae

182 4447 242 4498 tota
260 4445 320 4498 vita
339 4443 461 4497 Suidana
480 4444 523 4496 ese
595 4453 628 4500 24
648 4446 772 4514 δοκιμῶν
791 4449 813 4495 V
