2880 5054
183 313 225 375 52
238 328 243 335 ·
643 309 856 368 HESYOHIUS.

181 476 240 551 δος
262 478 339 558 βιόν
363 476 399 540 ἐν
422 476 565 557 βιβλίοις
588 474 629 558 γ’.
667 463 764 552 οὗτος
788 477 910 558 ἔγραφε
933 471 995 558 τὴν
1018 475 1193 539 πολιτείαν
1215 478 1321 561 Σπαρ-

75 647 78 654 ,
180 582 312 648 τιαττῦν.
350 581 418 662 [καὶ
438 579 542 667 νόμος
561 581 658 666 ἐτίθη
680 581 715 647 ἐν
740 584 968 666 Λακεδαίμονι
986 576 1066 646 καθ’
1094 580 1235 646 ἕκαστον
1259 583 1322 657 ἔτος

180 682 473 772 ἀναγινώσκεσθαι
497 686 679 772 τὸνλόγον
704 691 751 766 είς
772 684 810 754 τὸ
833 690 900 753 τῶν
925 685 1060 773 ἐφόρων
1083 684 1232 775 ἀρχεῖον,
1253 682 1322 764 τοὺς

182 790 219 858 δὲ
237 790 297 878 τὴν
317 790 478 880 ἡβητικην
498 799 633 880 ε”,ηοντας
651 790 785 879 ἡλικίαν
804 789 1004 881 άκροάσθαι.
1040 793 1216 861 καὶτοῦτο
1236 792 1321 881 ἐκρά-

153 920 257 985 5τησε
281 901 377 986 μέχρι
400 904 549 983 πολλοῦ]

270 1005 331 1074 CO.
370 1006 637 1092 Δικαιογένης
667 1003 789 1092 [ῦνομα
816 1004 952 1093 κόριον,
981 1002 1031 1090 ὃς]
1061 1010 1251 1098 τραγῳδίας
1272 1007 1320 1074 καλ

180 1110 415 1198 διθυράμβους
439 1118 592 1200 ἔγραφεν.

268 1219 345 1287 CCI.
376 1225 524 1298 Δίκτυς
545 1217 719 1306 ἱστορικός.
743 1223 887 1305 ἔγραφεν
912 1219 1096 1305 ἐφημερίδα
1120 1221 1207 1307 (ἔστι
1231 1220 1266 1287 δὲ
1286 1217 1319 1288 τά

179 1322 256 1410 μεθ’
279 1323 425 1414 Ὅμηρον
449 1325 682 1411 καταλογάδην
706 1327 743 1392 ἐν
762 1330 905 1411 βιβλίοις
924 1324 989 1414 θ’),
1014 1323 1154 1413 Ἰλιακά,
1178 1330 1320 1420 Τρωικοῦ

140 1461 165 1499 10
181 1431 375 1518 διακόσμου.
418 1423 515 1512 οὗτος
545 1437 668 1518 ἔγραψε
696 1431 735 1498 τά
764 1432 838 1516 περὶ
866 1435 924 1519 τῆς
947 1430 1098 1521 ἁρπαγῆς
1116 1431 1253 1521 Ἑλένης
1272 1434 1318 1502 καί

179 1538 254 1625 περὶ
278 1539 458 1609 Μενελάου
475 1542 531 1608 καὶ
554 1539 662 1625 πάσης
680 1537 824 1626 Ἰλιακῦς
846 1537 1065 1622 ὑποθέσεως.ι

271 1644 336 1732 [ὅτι
354 1648 406 1715 ἐπὶ
421 1651 596 1715 Κλαυδίου
609 1651 668 1733 τῆς
682 1648 816 1732 Κρήτης
830 1643 894 1715 ὑπὸ
911 1651 1049 1734 σεισμοῦ
1064 1654 1317 1736 κατενεχθείσης,

179 1754 234 1820 καί
261 1758 394 1822 πολλῶν
425 1755 543 1841 τάφων
567 1752 824 1841 άνεωχθίντων,
853 1751 976 1842 εὑρέθη
1001 1757 1037 1822 ἐν
1062 1756 1114 1823 ἑνὶ
1138 1754 1316 1825 τούτωντί

180 1859 353 1948 σύνταγμα
378 1866 436 1948 τῆς
456 1864 603 1947 ίστορίας
622 1866 778 1945 Δίκτυος,
803 1859 864 1929 τὸν
888 1860 1039 1948 Τρωικὸν
1061 1864 1218 1951 περιέχον
1235 1862 1317 1931 πόλε·

140 1994 165 2033 15
181 1994 257 2054 μου,
282 1965 363 2056 ὅπερ
387 1966 500 2055 λαβὼν
524 1969 694 2046 Κλαύδιος
718 1968 854 2046 ἐξέδωκε
877 1967 1092 2056 γράφεσθαι]

256 2224 271 2271 2
291 2219 360 2273 haec
379 2218 491 2273 aliunde
510 2217 621 2271 fluxisse
640 2208 755 2286 exposui
774 2218 843 2272 Mus.
863 2218 951 2273 Rhen.
970 2218 1075 2274 XXXV
1093 2237 1120 2289 p.
1140 2225 1193 2274 209

250 2297 297 2352 ‘CC
316 2300 392 2354 Eud.
411 2317 437 2368 p.
458 2304 517 2352 228.
552 2297 591 2351 ef.
607 2297 856 2367 Harpocraten,
875 2316 958 2366 quem
976 2300 1135 2369 Hesychius
1153 2300 1214 2355 sive
1232 2298 1318 2354 Suidar

180 2378 345 2448 compilavit
436 2386 451 2432 0
471 2373 502 2440 ὃς
520 2377 620 2432 melius
639 2394 693 2433 orn.
713 2377 788 2430 Eud.
808 2379 966 2448 τραγῳδίας
985 2373 1067 2441 οὗτος
1087 2375 1207 2449 ποιητής
1224 2381 1317 2450 Harpo-

180 2461 249 2514 crat.
270 2460 406 2515 Wecterm.
1059 2469 1062 2473 '

251 2539 307 2593 001
325 2540 400 2594 Εκιλ.
421 2559 447 2609 p.
463 2545 511 2592 221
529 2538 558 2590 in
572 2536 668 2597 multis
683 2536 854 2607 discrepans,
877 2556 996 2607 quacum
1012 2539 1155 2609 conspirat
1168 2540 1229 2595 cod.
1242 2539 1316 2596 Paris.

179 2626 248 2674 2600
268 2621 342 2690 apud
358 2621 457 2676 lliller.
487 2618 596 2688 Periple
615 2636 642 2686 p.
662 2622 722 2671 311.
756 2616 796 2671 Cf.
818 2619 919 2673 Ζοιιακ.
939 2638 966 2688 p.
982 2626 1041 2675 507.
1070 2618 1231 2674 Librarium
1247 2620 1316 2674 huius

179 2701 282 2755 codicis
302 2718 335 2755 ex
354 2701 478 2756 Violario
497 2717 548 2754 sua
566 2699 690 2753 hausisse
714 2698 772 2752 dixi
790 2698 898 2752 Unters.
918 2717 944 2768 p.
965 2704 1007 2752 91.
1044 2697 1223 2753 Contrarium
1242 2701 1317 2769 putat

178 2812 212 2820 -
232 2782 263 2834 at
279 2780 393 2834 minime
417 2781 549 2851 probavit
572 2812 604 2819 —
626 2781 715 2832 Pelet
736 2797 764 2847 p.
785 2783 818 2832 54
833 2794 890 2846 seq.
927 2778 1056 2833 Ceterum
1081 2778 1157 2847 quod
1180 2781 1255 2849 apud
1272 2778 1316 2849 Gy·

177 2862 243 2914 riae.
258 2861 423 2915 Anconitan.
436 2861 608 2931 Epigramm.
619 2859 720 2928 repert.
737 2874 786 2927 per
799 2856 922 2925 Illyriam
936 2877 963 2928 p.
974 2857 1105 2911 XXXXII
1116 2857 1235 2927 (Romae
1245 2859 1315 2927 1040)

178 2940 282 3009 legitur
298 2944 417 3003 Δίκτυος
434 2936 451 3010 ἢ
467 2939 577 2997 Ὁδίτου
593 2942 749 3010 significare
764 2937 835 2991 illud
855 2932 962 3000 ότταδός
979 2934 1061 3008 Ἰδομ.
1076 2938 1222 2994 Eudociac
1236 2938 1316 3009 suspi-

180 3024 257 3074 catus
273 3024 315 3075 est
325 3022 417 3076 Dauo.
440 3023 499 3077 Nec
514 3023 603 3092 magis
618 3018 800 3092 probabiliter
817 3019 906 3072 Ριιλτλι
920 3038 946 3088 p.
963 3024 996 3072 58
1012 3014 1043 3072 Ὁ
1061 3019 1140 3086 δίτης
1154 3018 1225 3073 olim
1241 3013 1315 3090 proi

180 3105 284 3162 Δίκτυς
299 3102 433 3171 scriptum
447 3101 532 3157 fuisse
547 3103 660 3172 putavit
673 3100 736 3154 coll.
752 3097 811 3154 cod.
823 3097 956 3152 Bernensi
969 3099 1044 3169 apud
1058 3097 1132 3153 Dict.
1148 3099 1193 3153 ed.
1205 3100 1317 3155 Meister.

180 3200 204 3250 p.
219 3180 245 3234 V
300 3185 315 3233 8
335 3175 443 3243 όπαδὸς
460 3176 621 3250 Ἰδομενέως
635 3180 697 3234 add.
709 3179 784 3232 Eud.
801 3174 975 3247 ἐφημερίδας
990 3196 1023 3233 ex
1038 3178 1131 3234 Schol.
1147 3179 1178 3233 in
1192 3180 1316 3251 Πετῖνος.

178 3268 234 3332 lp.
250 3268 284 3316 43
304 3261 374 3315 rhet.
394 3279 434 3330 gr.
456 3260 525 3315 coni.
546 3261 686 3315 Μαικείκε
705 3257 746 3313 ἔτι
765 3254 797 3312 δὲ
816 3264 877 3311 Vct.
897 3264 1032 3329 Pramum,
1051 3260 1128 3329 quod
1146 3260 1318 3316 commendat

178 3343 322 3397 Kastcrus.
356 3341 488 3395 Codicum
507 3341 591 3394 lectio
612 3357 692 3394 sensu
712 3356 774 3393 cum
790 3341 896 3407 careat,
916 3339 993 3394 varia
1007 3339 1133 3395 remedia
1151 3342 1320 3396 tentaverunt

179 3421 280 3476 critici:
306 3419 464 3491 ἐφημερίδα
485 3418 600 3488 (ἔστιδὲ
616 3417 650 3473 τά
668 3414 736 3490 μεθ’
751 3416 875 3487 Ὅμηρον
889 3417 1087 3490 καταλογάδην
1107 3416 1139 3474 ἐν
1153 3421 1270 3491 βιβλίοις
1280 3415 1319 3485 δ’,

176 3495 289 3568 Ἰλιακά)
312 3500 439 3568 Τρωικοῦ
459 3495 615 3569 διακόσμου
635 3501 798 3554 Perizonius
818 3494 989 3570 ἐφημερίδα,
1014 3498 1055 3555 ἔτι
1080 3498 1112 3555 δὲ
1133 3532 1170 3543 -·-
1188 3491 1319 3567 ’Ῑλιαιιδῆ

178 3578 243 3648 περὶ
255 3585 354 3646 Τρωικ.
367 3582 441 3636 διακ.
450 3580 594 3648 Κυνίσκαν,
613 3576 771 3650 ίφημερίδα
788 3580 916 3648 Τρωικοῦ
927 3577 1097 3651 διακόσμου·
1113 3580 1172 3637 ἔστι
1182 3576 1318 3637 ollitas&

178 3656 212 3712 τά
228 3654 296 3728 μεθ’
310 3653 433 3729 Ὅμηρον
448 3661 496 3714 καί
510 3657 544 3715 τά
560 3660 686 3730 περὶτῆς
701 3658 829 3730 ἁρπαγῆς
842 3662 1010 3732 Bernhardy
1064 3668 1080 3716 9
1095 3656 1168 3717 καθ’
1181 3656 1243 3733 Ὅμ.
1257 3662 1318 3717 (ao

178 3742 282 3794 sclrmid
316 3736 418 3794 Ἰλιακά
437 3758 488 3810 pro
506 3736 623 3795 Ἰταλικοὶ
642 3760 711 3797 corr.
731 3742 788 3797 Leo
805 3743 929 3797 Αλλαίίιιο
967 3747 1014 3810 Τρ.
1034 3738 1194 3813 διακόσμου
1207 3740 1242 3798 θ’
1258 3742 1319 3797 Gal·

177 3822 281 3876 εολικιίιλ
348 3826 382 3874 10
396 3821 467 3874 hauc
481 3820 649 3876 narrationis
664 3821 782 3876 formam
797 3822 968 3891 Hesychium
982 3840 1038 3877 non
1058 3823 1158 3878 decere
1177 3822 1236 3878 dixi
1251 3822 1285 3878 ed
1296 3840 1318 3877 τ.

178 3896 344 3968 Ἀνακρέων,
366 3903 538 3970 Δικαίαρχος
553 3903 587 3955 al.
645 3907 676 3955 12
696 3904 799 3965 Δίκτυς
818 3904 922 3958 lemma
936 3903 1054 3958 iteratur
1067 3903 1098 3957 in
1111 3904 1193 3958 codd.
1212 3898 1256 3959 ότι
1267 3919 1319 3971 seq.

178 3982 216 4034 sic
241 3983 276 4035 ab
297 3981 435 4048 Hesychio
459 3983 558 4050 exponi
581 3998 637 4036 non
660 3984 802 4052 poterant,
826 3982 943 4036 meliora
966 3985 1093 4052 praestat
1110 3984 1203 4039 Eua:
1225 3981 1319 4039 τοῦτον

179 4059 286 4129 ίστορία
302 4057 410 4128 εὑρέθη
426 4058 473 4114 ε’πλ
487 4063 640 4130 Κλαυδίου,
656 4058 685 4114 οἱ
697 4055 725 4113 δ’
743 4056 789 4114 ἐπὶ
805 4063 947 4131 Νέρωνος,
965 4062 1101 4134 βασιλέως
1111 4060 1263 4134 Ῥωμαίων,
1275 4064 1320 4132 τῆς

178 4139 290 4211 Κρήτης
309 4138 364 4195 ὑπὸ
388 4142 502 4212 σεισμοῦ
521 4143 741 4210 κατενεχθείσης
760 4144 808 4197 καί
827 4143 935 4197 πολλῶν
953 4144 1096 4214 μνημείων
1113 4140 1319 4214 άνεωγθέντων,

179 4212 217 4274 ὧν
239 4218 269 4275 ἐν
291 4218 334 4275 ἕνλ
355 4215 454 4289 εῦρητο
469 4221 663 4291 γεγραμμένον
683 4223 789 4292 βιβλιόν
809 4221 952 4293 γράμμασι
967 4225 1107 4277 Φοινίκων
1121 4222 1170 4278 καλ
1184 4227 1319 4294 μεθερμη·

179 4299 271 4370 νεόθη
291 4298 322 4356 ἐν
342 4302 374 4372 τῇ
392 4299 494 4372 Ἀττικῇ
514 4299 634 4371 γλώσσῃ,
657 4300 793 4370 πεμφθὲν
812 4304 849 4374 τῷ
870 4305 991 4372 βασιλεῖ,
1016 4293 1050 4356 οῦ
1074 4303 1112 4375 τῷ
1136 4299 1319 4373 προστάγματι

181 4377 358 4450 Σεπτημίνός
376 4403 417 4444 τις
433 4378 579 4450 Ῥωμαίος,
599 4377 686 4449 σοφός
706 4378 845 4451 ἑκατέραν
861 4380 911 4452 την
926 4384 1066 4453 γλῶτταν,
1086 4382 1127 4447 είς
1144 4381 1196 4454 τὴν
1210 4380 1317 4455 Ῥωμαϊ-

180 4455 234 4528 κὴν
254 4457 353 4530 φωνὴν
374 4459 545 4532 μετήνεγκεν
612 4468 643 4515 12
665 4457 711 4516 ἐπὶ
725 4465 866 4518 Κλταδίου
881 4467 940 4519 Ald.
1010 4470 1044 4518 14
1063 4461 1236 4536 περιόγωνΔ
