2880 5054
187 306 250 371 186
648 307 863 364 HESYCHIUS.

185 472 291 556 χρυσᾶ
325 474 394 555 ἔπη.
444 473 574 554 πρῶτος
606 468 643 536 δὲ
676 465 694 537 ό
721 466 930 558 Πυθαγόρας
965 468 1124 557 ἐμψύχων
1149 467 1316 559 ἀπέχεσθαι

185 578 312 663 τροφῆς
334 577 505 664 παρέδωκε
528 577 582 644 καὶ
605 576 753 663 κυάμων.

275 683 440 766 [ἐτελεύτα
477 684 514 751 δέ
546 682 564 751 ὁ
596 683 805 771 Πυθαγόρας
833 689 953 752 τοῦτον
981 682 1041 752 τὸν
1068 683 1204 772 τρόπον.
1250 704 1318 755 συν

186 783 383 877 εδρεύουτος
406 789 485 877 μετὰ
508 795 577 858 τῶν
600 789 764 877 συνήθων
789 792 825 857 έν
845 795 883 879 τῆ
909 797 1070 871 Μίλωνος
1089 794 1189 880 οίκίηι,
1211 790 1319 860 τούτου

158 895 252 965 ὅδπό
281 924 373 978 τινος
399 902 467 966 τῶν
490 898 534 986 μῆ
558 902 749 986 παραδοχῆς
772 896 986 979 ἀξιωθέντων
1010 896 1067 966 διδι
1089 897 1230 985 φθόνου
1249 896 1320 967 ὑπο·

187 1008 381 1092 πρησθῆναι
409 1004 472 1090 τῆν
502 1010 610 1073 οίκίαν
639 1006 773 1091 συνέβη.
818 1004 906 1084 τινές
934 1005 971 1073 δὲ
998 1003 1121 1086 αὐτοὺς
1142 1004 1222 1087 τοὺς
1243 1013 1321 1091 Κρο-

186 1102 349 1191 τωνιάτας
371 1116 470 1181 τοῦτο
493 1116 628 1198 πρᾶξαι,
655 1117 857 1199 τυραννίδος
880 1114 1031 1181 ἐπίθεσιν
1055 1110 1321 1201 εὐλαβουμένους.

187 1217 248 1286 τόν
277 1217 318 1305 δή
342 1221 553 1305 Πυθαγόραν
580 1222 838 1305 καταληφθῆναι
866 1219 1047 1304 διεξιόντα,
1073 1220 1131 1287 καὶ
1159 1221 1243 1306 πρός
1264 1249 1321 1291 τινι

184 1330 294 1415 χωρίῳ
318 1325 498 1413 γενόμενος
520 1324 638 1412 πλήρει
661 1323 810 1412 κυάμων,
833 1329 890 1392 ίνα
911 1324 1076 1412 διήρχετο,
1100 1323 1226 1396 αὐτόθι
1244 1333 1320 1415 ἔστη,

146 1453 170 1491 1⁰
185 1430 287 1499 είπών
310 1429 437 1499 ἁλῶναι
461 1436 588 1518 μάλλον
612 1426 632 1518 ῆ
658 1436 812 1518 πατῆσαι,
836 1429 1059 1520 ἀναιρεθῆναι
1084 1434 1122 1501 δὲ
1141 1430 1320 1523 κρείττονῆ

184 1542 338 1625 λαλῆσαι·
368 1540 423 1605 καὶ
448 1529 513 1606 ὦδε
535 1537 619 1623 πρὸς
642 1542 710 1606 τῶν
734 1538 928 1607 διωκόντων
951 1537 1208 1628 ἀποσφαγῆναι,
1243 1540 1319 1611 οὕτω

185 1645 222 1712 δέ
257 1646 314 1712 καὶ
349 1645 427 1726 τοὺς
464 1651 639 1726 πλείστους
672 1646 740 1713 τῶν
773 1647 913 1734 ἑταίρων
946 1645 1051 1716 αὐτοῦ
1085 1653 1318 1739 διαφθαρῆναι,

184 1749 284 1832 όντας
306 1752 389 1840 πρὸς
412 1751 490 1832 τοὺς
513 1743 572 1840 μ’ζ]
1045 1843 1048 1847 ,

271 1861 523 1928 DOLXXXVII.
545 1861 726 1939 ΙΠυθέας
751 1858 930 1946 Ἀθηναῖος
957 1860 1084 1950 ῥήτωρ,
1119 1863 1195 1945 υίὸς
1223 1864 1259 1933 δέ
1282 1857 1316 1951 ῆν

144 2005 168 2044 15
183 1971 368 2055 μυλωθροῦ
391 1968 446 2033 καὶ
469 1965 600 2053 θρασὺς
623 1964 772 2053 σφόδρα,
799 1967 918 2053 φυγάν
941 1995 975 2036 τε
995 1967 1192 2057 Ἀθήνηθεν
1214 1973 1247 2039 ἐκ
1267 1972 1315 2040 τοῦ

184 2078 413 2160 δεσμωτηρίου
438 2073 495 2140 διὰ
519 2072 654 2160 όφλημα
678 2078 724 2153 είς
747 2079 967 2143 Μακεδονίαν
989 2069 1113 2163 ῆλθεν,
1138 2076 1209 2147 εἶτα
1231 2080 1314 2147 aa·

183 2184 242 2266 ῆκε
265 2179 375 2247 πάλιν.
415 2186 538 2268 ἔγραφε
561 2181 683 2265 λόγους
708 2180 954 2267 δημηγορικοὺς
977 2184 1032 2251 καὶ
1056 2184 1249 2264 δικανικοὺς
1267 2184 1311 2251 καλ

183 2285 266 2353 ἄλλα
301 2285 385 2354 τινά.
432 2284 505 2353 ἀλλ’
538 2285 599 2354 οὐκ
629 2289 786 2376 ένεκρίθη
815 2288 895 2375 μετὰ
922 2294 991 2358 τῶν
1018 2296 1149 2361 λοιπῶν
1176 2292 1311 2381 ῥητόρων

186 2391 230 2472 ὡς
253 2393 383 2481 θρασὺς
403 2396 459 2462 Ικαὶ
487 2396 735 2481 διεσπασμένος.

269 2503 538 2570 DOLXXXVIII.
561 2501 755 2588 ’Πύρρων
783 2503 1015 2593 Πλειστάρχου
1040 2501 1168 2586 Ἠλεῖος
1194 2505 1310 2594 φιλόσο

181 2634 255 2693 φος,
275 2605 313 2686 δς
330 2602 373 2694 ῆν
394 2610 445 2677 ἐπὶ
468 2615 637 2677 Φιλίππου
656 2611 716 2676 τοῦ
735 2608 936 2689 Μακεδόνος
954 2608 1036 2678 κατὰ
1056 2610 1119 2698 τῆν
1139 2612 1208 2701 ρια’
1226 2611 1308 2699 όλυμ

180 2714 284 2781 πιάδα
306 2716 361 2781 καὶ
385 2718 545 2802 ἐπέκεινα,
569 2715 624 2783 καὶ
647 2713 811 2802 πρότερον
835 2715 896 2802 μὲν
915 2709 958 2803 ῆν
978 2718 1163 2807 ζωγράφος,
1186 2717 1307 2807 ὕστερον

181 2821 218 2889 δέ
251 2813 405 2912 ὥρμησεν
443 2825 495 2891 ἐπὶ
529 2827 735 2911 φιλοσοφίαν
772 2823 827 2890 καὶ
860 2823 1018 2910 διήκουσε
1048 2826 1229 2915 Βρύσωνος
1260 2826 1306 2893 τοῦ

181 2929 415 3016 Κλεινομάχου
453 2933 622 3016 μαθητοῦ,
663 2925 732 2995 εἶτα
762 2926 965 3023 Ἀναξάρχου
1000 2937 1061 3000 τοῦ
1095 2933 1328 3022 Μητροδώρου.

141 2558 168 2596 2⁰

254 3105 267 3151 1
288 3100 397 3167 πρῶτος
416 3117 472 3167 seq.
489 3118 562 3168 susp.
578 3099 691 3153 Πανδίο
764 3105 779 3152 9
799 3095 932 3171 χρόνων
1004 3097 1158 3173 γενόμενος
1176 3121 1243 3160 aorr.¹
1257 3100 1305 3157 Κιι·

183 3184 271 3235 είοκιιε
290 3178 445 3248 γενόμενον
463 3182 536 3249 νκλη.
1026 3240 1030 3251 ,

250 3259 453 3314 DOLXXXVII
473 3261 548 3314 Ειιά.
566 3277 593 3328 p.
611 3264 662 3312 594
736 3264 769 3311 14
788 3261 903 3321 Πυθίας
923 3262 952 3314 σί
974 3260 1050 3316 infra
1067 3260 1229 3333 Μυλάθρσν
1243 3260 1305 3319 Ed

182 3346 213 3394 15
233 3343 373 3411 μυλίθροο
392 3346 415 3393 Δ
434 3338 582 3409 μυλάθρου
601 3339 652 3393 τοῦ
672 3340 798 3407 μυλωνά’
832 3337 946 3409 ἔχοντος
964 3342 1014 3395 καλ
1033 3339 1221 3413 ἐργαζομένου
1237 3339 1304 3410 ain

180 3437 234 3488 quo
254 3418 420 3489 μυλωυάρου
440 3422 528 3475 latera
547 3437 629 3489 possa
649 3420 806 3489 suspicatus
825 3422 869 3474 est
886 3420 1054 3492 Bernhardy
1135 3430 1168 3479 16
1186 3426 1306 3479 Δακεδαι-

180 3504 281 3569 μονίαν
291 3505 314 3551 V
369 3507 400 3554 18
417 3497 552 3570 ἐνεκρίθη
568 3519 636 3555 corr.
655 3501 779 3568 Τοιιγίκε
795 3496 897 3568 ἐκρίθη
911 3505 961 3552 Av
981 3497 1091 3571 ἐκλήθη
1105 3508 1149 3557 Bc
1163 3506 1233 3571 ναῖς.
1246 3501 1305 3563 Eua

181 3586 213 3632 19
233 3576 269 3640 ὡς
288 3577 398 3648 θρασὺς
418 3613 449 3621 -
471 3581 535 3635 exit.
554 3599 607 3637 om.
623 3582 699 3635 Ειιιί.
719 3575 822 3649 τραχὺς
840 3580 963 3636 tentavit
981 3581 1174 3640 Βιιίικλιειιίιιε.
1198 3584 1307 3639 Ceterum

181 3660 309 3715 dubitavi
332 3663 452 3716 inserere
476 3662 562 3716 vitam
583 3662 756 3730 Pythoclidis
775 3661 874 3714 musici
898 3678 915 3714 a
939 3662 1024 3717 schol.
1044 3663 1156 3719 Platon.
1175 3664 1214 3717 VI
1231 3682 1255 3733 p.
1267 3664 1307 3715 aa

181 3744 352 3795 enarratam:
374 3744 617 3808 Πυθοκλείδης
636 3737 768 3810 μουσικός
786 3731 835 3808 ῆν,
855 3743 904 3810 τῆς
923 3743 1026 3812 σεμνῆς
1040 3745 1178 3813 μουσικῆς
1193 3742 1308 3801 διδάσκω

181 3823 227 3880 λος
245 3816 459 3888 Πυθαγόρειος,
480 3812 513 3873 οδ
533 3818 663 3889 μαθητὴς
680 3818 862 3891 Ἀγαθοκλῆς,
881 3812 916 3875 οῆ
936 3824 1136 3893 Λαμπροκλῆς,
1157 3816 1192 3879 οδ
1211 3820 1309 3894 Λάμον,

181 3899 258 3952 cuius
276 3898 387 3954 initium
408 3899 525 3953 fortasse
543 3918 576 3954 ax
594 3902 728 3970 Hesyohii
747 3901 886 3955 thesauris
904 3902 992 3957 fluxit.
1021 3901 1062 3958 cf.
1077 3903 1152 3958 Plua
1166 3902 1257 3959 Per.4

251 3978 466 4033 DCLXXXVIII
485 3981 560 4034 Ειιιί.
575 4000 601 4049 p.
614 3988 673 4036 617.
694 3982 733 4035 cf.
749 3983 831 4051 Diog.
846 3984 894 4048 IX,
910 3989 941 4037 61
954 4001 1011 4051 seq.
1068 3990 1103 4039 20
1118 3979 1311 4051 Πιστοκράτους

179 4077 230 4128 pro
251 4063 360 4113 Πλειστ,
379 4060 502 4114 Ραυσακ.
514 4062 561 4127 VI,
572 4069 641 4130 24‚5
704 4070 735 4116 21
755 4058 933 4131 Ἀλεξάνδρου
953 4079 1003 4131 pro
1020 4066 1078 4119 Φιλ.
1098 4063 1211 4134 flagIIat
1224 4062 1310 4123 Rohd‘.

179 4139 249 4194 Mus.
267 4141 354 4193 Rhan.
370 4139 486 4193 XXXIII
505 4160 531 4209 p.
550 4149 598 4194 192
619 4145 705 4196 not.1
728 4140 883 4211 φιλόσοφος
902 4140 1024 4212 γεγονὼς
1043 4140 1117 4199 κατὰ
1136 4141 1189 4213 τὴν
1208 4139 1253 4212 ρα’
1270 4136 1310 4205 0²2..

178 4213 209 4281 δς
228 4212 262 4288 ῆν
283 4217 329 4274 ἐπὶ
350 4224 407 4273 Φιλ.
423 4221 472 4274 τοῦ
493 4225 569 4274 Μακ.
585 4222 634 4274 καὶ
650 4220 782 4277 ἐπέκεινα
799 4224 923 4288 Οίίνιίσνι,
942 4223 1006 4277 fast.
1021 4223 1061 4277 Ill
1073 4241 1101 4292 p.
1117 4230 1170 4279 476
1185 4221 1238 4293 ρια’
1254 4222 1310 4275 Par.

178 4300 260 4354 Κκει.
276 4297 322 4367 ρα’
338 4300 414 4354 Ειαλ.
431 4319 493 4367 ρεαι
508 4307 537 4366 V,
558 4318 611 4367 quo
626 4302 731 4355 innisus
747 4299 786 4370 ρε’
803 4320 870 4356 corr.
887 4304 1055 4371 Gutsehmid‚
1072 4300 1133 4373 ρια’
1148 4321 1183 4358 ex
1196 4323 1242 4371 ραι
1255 4302 1281 4369 (i.
1292 4316 1311 4353 α

179 4373 234 4444 ρε’)
253 4380 344 4431 ortum
363 4395 423 4432 esse
442 4381 518 4433 ratus
538 4375 610 4432 κατά
630 4377 680 4447 τὴν
697 4377 850 4449 ἑκατοστήν
864 4378 977 4450 πρώτην
992 4380 1055 4436 edd.
1070 4384 1140 4438 veta
1211 4390 1244 4437 λθ
1261 4376 1312 4449 διῆ-

178 4474 284 4510 κουοαν
302 4462 324 4506 V
348 4460 413 4512 ante
436 4458 598 4527 Menagium
622 4459 696 4529 apud
718 4460 798 4530 Diog.
822 4461 969 4529 legebatur
993 4460 1144 4532 Δρόσωνος
1219 4470 1253 4519 24
1273 4459 1311 4517 sic

1063 4610 1069 4657 I
