2910 5056
209 305 260 359 XII
637 301 921 358 PROLEGOMENA.

298 466 405 552 Atque
438 465 699 532 Christianorum
735 467 926 553 religionem
958 466 1159 552 Hesychium
1191 467 1358 533 Milesium

208 566 391 642 confessum
415 596 485 639 esse
508 574 602 639 docui
625 572 706 641 Mus.
726 574 828 639 Rhcn.
847 575 867 639 l.
882 596 907 639 c.
922 597 954 659 p.
971 574 1032 639 199
1041 572 1079 659 ¹),
1103 596 1182 658 quac
1205 597 1257 639 res
1282 597 1357 640 cum

210 683 284 748 inde
307 682 478 767 probatur,
505 681 591 766 quod
619 681 684 746 illis
707 682 908 766 temporibus
936 680 1103 746 rarissime
1127 685 1275 748 auctores
1301 703 1358 765 pa·

208 790 285 875 gani
309 790 412 855 adhuc
436 789 593 855 extabant
622 786 700 875 (qua
729 788 767 854 de
795 810 892 854 causa
920 787 1049 852 disertis
1077 788 1183 853 verbis
1212 786 1246 851 id
1271 810 1357 854 com·

208 899 399 962 memoravit
422 896 516 961 Phot.
540 895 620 986 bibl.
643 918 673 979 p.
694 894 737 960 54
756 895 835 960 Bek.
857 895 895 960 dc
919 894 1082 979 Eunapio,
1112 915 1143 977 p.
1166 896 1209 960 84
1232 894 1272 959 de
1295 893 1358 962 Zo-

208 1007 304 1089 simo,
323 1029 353 1090 p.
373 1004 414 1070 97
434 1003 473 1068 de
492 1002 680 1087 Damascio,
699 1024 842 1068 necnon
862 1025 892 1086 p.
912 1002 956 1067 55
974 1002 1168 1087 perstringit
1181 1001 1359 1086 Malchum,

208 1113 445 1196 aliquotiesque
468 1109 676 1196 reprehendit
700 1111 728 1174 si
752 1109 824 1193 quis
845 1131 917 1175 sero
937 1108 1134 1174 christianus
1156 1108 1263 1174 factus
1282 1108 1359 1197 est),

207 1226 277 1284 tum
300 1218 386 1303 inde,
416 1218 502 1302 quod
525 1217 592 1282 filio
617 1218 685 1281 eius
708 1238 827 1282 nomen
850 1216 982 1282 Ioannis
1009 1214 1224 1281 christianum
1252 1217 1359 1282 tribu-

206 1331 277 1390 tum
301 1323 411 1412 erati)
450 1326 496 1389 At
518 1345 584 1389 non
606 1324 709 1388 laetus
734 1322 930 1387 christianae
949 1322 1023 1387 fidei
1042 1322 1206 1388 confessor
1229 1322 1360 1390 videtur

207 1434 321 1513 fuisse,
350 1433 436 1518 quod
459 1431 599 1497 conicias
629 1451 667 1495 ex
691 1430 735 1515 gl.
754 1424 914 1512 Ἰωάννης
940 1425 1145 1512 Φιλόνιονος,
1174 1431 1202 1495 si
1226 1431 1359 1515 quidem

210 1561 283 1604 vere
306 1538 517 1624 Hesychiana
540 1537 622 1602 est.⁴

124 1645 185 1724 §2
298 1643 479 1730 Scripserat
503 1643 686 1729 Hesychius
709 1643 855 1709 Milesius
883 1646 967 1708 teste
992 1639 1091 1707 Suida
1117 1647 1246 1728 praeter
1274 1644 1359 1712 duos

207 1753 308 1819 libros
336 1752 524 1836 historicos,
553 1772 633 1835 quos
662 1773 761 1835 supra
790 1751 943 1838 allegavi,
970 1743 1232 1834 Όνοματολόγον
1261 1743 1358 1834 dni-

208 1883 293 1925 νακα
319 1848 388 1925 τῶν
417 1858 454 1925 ἐν
484 1859 618 1944 παιδείᾳ
647 1851 861 1941 ὀνομαστῶν,
891 1879 957 1923 non
987 1857 1215 1942 chronologico
1246 1857 1361 1924 ordine

208 1967 439 2050 compositum,
463 1965 548 2049 quod
567 1963 731 2029 nonnullis
751 1964 855 2028 visum
876 1960 970 2048 esu),
994 1962 1050 2027 sed
1075 1964 1281 2047 alphabetico
1305 1967 1362 2031 vcl

208 2073 435 2140 antistoichico
467 2071 558 2160 (nam
586 2076 695 2135 utrum
719 2069 903 2155 Hesychius
934 2093 976 2135 an
1000 2071 1195 2155 epitomator
1223 2094 1265 2136 en
1287 2073 1362 2157 ipse

208 2180 323 2247 Suidas
348 2181 494 2247 ordinem
514 2179 775 2245 antistoichicum
794 2177 917 2261 primus
936 2177 1131 2262 adhibuerit,
1155 2177 1361 2267 ambigitur),

208 2289 313 2373 qualis
342 2290 412 2352 erat
439 2287 474 2351 in
502 2285 595 2351 libris
623 2281 698 2368 περὶ
727 2277 917 2368 ὁμωνύμων
948 2282 1003 2368 (cf.
1034 2306 1115 2368 quae
1146 2284 1211 2349 dixi
1239 2286 1361 2353 Annal.

208 2394 291 2460 Phil.
318 2395 403 2460 1880
425 2416 456 2478 p.
476 2391 564 2477 832).
612 2391 703 2469 Quod
732 2413 812 2476 opus
840 2392 937 2475 paulo
967 2395 1044 2476 post
1072 2392 1173 2477 ipsius
1200 2391 1360 2478 Hesychii

208 2505 348 2569 oetatem
379 2501 399 2566 i.
425 2522 450 2565 e.
479 2499 608 2564 sacculo
633 2494 804 2583 septim04)
838 2497 1034 2581 epitomator
1061 2497 1233 2583 breviavit,
1268 2501 1377 2567 cuius·

208 2609 362 2694 opusculo
387 2605 501 2672 Suidas
526 2628 560 2671 se
583 2627 678 2670 usum
703 2626 773 2668 esse
796 2603 919 2668 fatetur
942 2628 971 2669 v.
990 2599 1147 2690 ‘Hospes
1170 2605 1289 2672 additis
1319 2629 1359 2672 ex

208 2717 349 2801 epitome
373 2714 499 2811 verbis
503 2701 546 2778 οὗ
568 2707 707 2795 increpui
731 2710 801 2776 ἐστι
824 2710 922 2776 τοῦτο
946 2706 984 2776 τὸ
1008 2714 1156 2797 βιβλίον,
1185 2734 1268 2797 quae
1291 2707 1357 2798 epi·

207 2827 297 2889 tome
298 2823 380 2887 toris
409 2820 448 2886 dc
476 2843 535 2886 suo
562 2819 676 2885 libello
705 2817 792 2882 dicta
820 2821 903 2882 sunt.
910 2813 936 2904 5)
987 2818 1111 2884 Eodem
1141 2823 1200 2885 aut
1202 2842 1253 2885 em
1286 2822 1357 2886 loco

282 3069 306 3136 1)
326 3068 431 3122 Verum
449 3065 522 3121 vidit
539 3064 625 3120 etium
644 3063 757 3130 ltohdc,
776 3062 821 3118 Gr.
842 3062 950 3119 Romen
969 3083 996 3133 p.
1012 3071 1064 3120 415
1083 3068 1141 3123 not.
1159 3073 1181 3121 1.

281 3150 308 3218 2)
327 3147 434 3218 Ineptit
452 3145 548 3216 igitur,
568 3145 600 3199 ut
619 3145 653 3199 dc
668 3144 711 3199 his
726 3142 935 3214 quaestionibus
950 3145 1035 3213 solet,
1054 3146 1156 3214 Mases,
1177 3146 1211 3200 cle
1226 3146 1284 3200 sio.
1299 3145 1354 3199 ind.

209 3248 234 3298 p.
251 3234 285 3282 55
304 3231 362 3282 not.
384 3233 434 3283 111
459 3225 687 3297 (Gryph.1819);
714 3223 817 3279 erravit
842 3223 927 3280 etiem
947 3222 1054 3292 Gelzcr,
1081 3224 1107 3282 S.
1131 3225 1182 3280 lul.
1207 3223 1355 3281 Africanus

191 3327 237 3378 p.
255 3315 286 3362 12
307 3309 363 3362 not.

280 3401 307 3467 3)
327 3397 407 3464 Quod
426 3397 511 3453 etiam
533 3395 692 3466 nuperrime
713 3395 905 3467 pronuntiavit
926 3395 1017 3462 Daub,
1039 3395 1118 3450 Stud.
1140 3414 1167 3466 p.
1188 3403 1251 3465 118,
1276 3415 1354 3469 argn-

136 3478 141 3487 '
210 3479 305 3532 mento
324 3476 412 3532 debili
430 3481 519 3533 utens

280 3568 307 3633 4)
280 3563 429 3620 4Nescit
454 3563 528 3620 enim
553 3565 690 3635 epitomet
691 3581 722 3620 or
740 3564 813 3621 vitas
833 3565 944 3621 loannis
963 3565 1100 3633 Malnlue,
1124 3564 1235 3621 Ioannis
1258 3565 1353 3622 Antio·

209 3643 303 3711 cheni,
328 3644 480 3715 Theophili
501 3644 738 3715 Protospetharii‚
762 3644 816 3701 Gai
842 3644 956 3712 medici,
982 3607 1105 3700 Palladii
1131 3646 1354 3716 iatrosophistuc,

212 3725 261 3794 qui
280 3725 391 3781 saecule
411 3741 459 3795 sep
461 3723 530 3780 timo
550 3723 686 3781 vixerunt.

280 3817 309 3884 5)
280 3814 436 3870 oTaedet
450 3831 621 3883 enumerare,
640 3832 711 3885 quae
730 3817 765 3871 de
784 3815 827 3870 his
846 3815 938 3870 verbis
952 3830 1019 3870 sane
1034 3761 1249 3883 simplicissimis
1265 3816 1353 3871 hallu-

210 3894 295 3950 cinati
314 3894 371 3948 sint
390 3893 479 3949 critici
497 3894 543 3964 (cf.
558 3858 660 3950 Muller
673 3896 711 3950 IV
730 3896 748 3951 1.
765 3897 812 3964 c),
831 3895 905 3965 qnod
928 3895 974 3950 vel
992 3895 1130 3949 Meursius
1148 3909 1200 3949 nec
1219 3913 1274 3951 non
1293 3897 1354 3951 ideo

210 3993 227 4030 a
245 3973 341 4029 multis
360 3974 505 4043 laudatus,
523 3977 588 4044 post
607 3970 771 4044 ὀνομαστῶν
789 3973 908 4030 inseruit
928 3975 1014 4031 verbe.
1033 3972 1174 4043 Διογένην
1197 3971 1248 4029 τὸν
1266 3975 1353 4044 Λαέρ-

209 4075 270 4111 τιον
288 4050 480 4125 μιμησάμενος
503 4055 540 4109 ad
563 4055 650 4110 nostri
672 4055 812 4126 Anonymi
838 4057 886 4125 (sc.
909 4053 1184 4123 Pseudo-Hesychii)
1202 4056 1354 4112 tractatum

209 4136 260 4191 illa
278 4135 405 4204 spectare
419 4135 505 4190 ratus.
533 4133 577 4188 Ab
593 4136 778 4205 epitomatore
796 4139 889 4190 autem
908 4135 995 4191 verba
1013 4133 1164 4205 proficisci,
1184 4153 1256 4204 quac
1275 4153 1354 4191 accu-

209 4221 283 4286 rate,
301 4219 333 4272 ut
352 4215 436 4285 solet,
457 4215 556 4270 Suidas
575 4215 765 4285 descripserit,
784 4215 856 4272 vidit
875 4214 1039 4283 Schneider,
1064 4212 1268 4284 sanissimoque
1293 4233 1354 4271 cum

209 4297 313 4353 iudicio
336 4296 370 4350 de
393 4295 428 4350 iis
452 4294 607 4364 disputavit
624 4297 730 4366 Bergk,
755 4295 809 4351 Lit.
829 4294 874 4350 Gr.
894 4296 906 4349 I
925 4314 951 4365 p.
972 4295 1169 4360 conuerso,
1193 4297 1356 4350 cunctanter

210 4376 389 4447 epitomatori
408 4373 545 4430 dederunt
563 4373 658 4442 Ilaub,
677 4376 712 4430 de
732 4375 808 4432 Suid.
827 4394 854 4444 p.
869 4381 921 4430 405
940 4377 998 4429 not.
1018 4380 1047 4440 3,
1066 4373 1208 4442 Egenolff,
1228 4375 1353 4430 Jahrcsb.

213 4456 307 4511 18ch
327 4473 354 4525 p.
372 4461 420 4511 161
441 4455 488 4525 (ο1.
508 4455 592 4510 etiem
612 4453 705 4526 Daub,
724 4455 802 4510 Stud.
822 4474 849 4525 p.
866 4458 935 4524 134).
