2910 5056
147 310 235 364 xuv
535 334 538 341 -
577 310 862 369 raonuoousux.
907 378 914 393 ι

147 474 252 540 minus
268 472 507 559 Gutsehuridi03
526 498 554 539 v.
569 479 607 539 N
609 498 654 538 ικ.
669 470 934 559 Δαμασκηνός
953 498 1015 541 om.
1034 475 1181 541 fabulam
1197 465 1296 554 οὗτος

147 619 190 628 -
214 583 304 666 exit,
327 605 423 667 quam
447 582 488 648 ab
509 584 581 667 ipso
601 580 700 647 Suida
723 582 867 647 additam
890 604 960 647 esse
983 583 1152 666 probabile
1176 588 1243 669 est3
1267 608 1294 650 v.

147 692 186 753 N
187 684 341 771 εάφρων
360 689 470 754 nescio
490 712 531 754 an
550 689 668 754 rectius
688 711 750 755 orn.
769 689 867 755 verba
887 684 1057 773 Νεόφρων
1076 683 1112 773 ἧς
1136 713 1164 755 v.
1185 695 1226 755 Ν
1227 688 1293 776 ύμ-

147 819 213 878 φις
236 817 298 860 om.
323 790 517 879 Νύμφιὸος,
549 796 634 880 quod
656 818 721 860 non
750 797 791 861 ad
816 795 1063 882 Hesychianam
1091 797 1209 882 vitam,
1241 799 1293 864 sed

147 903 187 967 ad
211 901 356 988 glossam
383 903 589 987 grammatici
616 903 803 989 genetivum
830 903 1043 969 adscribentis
1074 901 1128 988 (cf.
1151 927 1181 969 v.
1202 899 1292 989 Ἀρα-

147 1003 224 1093 ράς,
244 1007 421 1092 Δέξιππος,
435 1005 566 1094 Ἴστρος
585 1007 638 1096 al.)
663 1010 705 1075 ab
729 1007 829 1075 Suida
852 1011 1062 1097 neglegenter
1089 1012 1293 1078 coniunctam

148 1119 294 1200 spectare
317 1116 399 1182 vidit
421 1116 538 1181 Muller
560 1115 611 1180 III
633 1139 664 1201 p.
686 1118 739 1202 123
769 1141 798 1182 v.
819 1111 980 1202 Ὀρφεὺς
999 1120 1091 1201 Λειβ.
1108 1139 1173 1184 om.
1193 1120 1293 1185 verba

146 1223 259 1307 inepta
286 1228 319 1288 et
348 1245 505 1289 conexum
532 1224 758 1308 perturbantia
784 1223 821 1288 ἐν
845 1221 977 1301 τούτοις
1000 1219 1031 1287 d’
1063 1223 1146 1308 ἐστί,
1177 1226 1292 1311 quibus

148 1330 315 1414 expunctis
339 1330 428 1395 loeus
448 1331 585 1395 vitiosus
606 1331 727 1414 optime
748 1335 896 1415 sanatur3
921 1353 947 1394 v.
967 1328 1213 1416 Παλαμήδης
1232 1355 1293 1399 om.

147 1437 247 1501 verba
269 1437 381 1520 inepta
404 1431 630 1521 ὑπολαμβάνω
656 1474 696 1483 -
722 1436 842 1523 exit.¹),
865 1459 968 1523 neque
992 1439 1148 1504 hocloco
1174 1437 1293 1505 Aldina

148 1567 218 1608 eam
243 1566 335 1608 usam
360 1565 429 1608 esse
448 1544 629 1629 probabile,
653 1546 771 1630 quippe
792 1568 873 1630 quae
891 1546 1047 1629 praebeat
1065 1539 1293 1632 ὑπολαμβάνω

147 1647 184 1716 δὲ
207 1648 261 1715 καὶ
285 1647 345 1716 τὸν
368 1646 575 1735 ποιήσασθαι
599 1649 724 1736 (etiam.
738 1652 771 1717 in
797 1652 865 1717 uita
888 1651 1035 1737 Dionysii
1057 1651 1202 1717 Musonii
1230 1654 1293 1718 tale

147 1757 264 1823 Suidae
284 1759 539 1824 additamentum
560 1763 669 1825 extare
689 1783 787 1844 supra
811 1757 906 1847 ἀλκὶ),
930 1782 957 1824 v.
978 1758 1210 1844 Παρθένιος
1233 1785 1294 1827 om

147 1866 247 1930 verba
274 1854 372 1944 οὗτος
400 1863 531 1950 ἐλήφθη
559 1904 597 1912 -
622 1870 808 1949 Καίσαρος,
842 1867 958 1951 quibus
986 1866 1065 1930 duas
1094 1868 1294 1934 animadver-

147 1973 253 2038 siones
288 1974 515 2039 vitiosissimas
551 1974 710 2039 contineri
742 1977 847 2058 patet3
883 1996 911 2038 v.
944 1974 1197 2058 Περίανδρος
1233 1997 1294 2043 om.

147 2080 246 2145 verba
274 2069 372 2157 οὗτος
400 2118 441 2127 -
470 2082 587 2146 ἔθελεν
616 2103 655 2145 ex
678 2079 773 2165 Diog.
796 2080 826 2163 Ι,
850 2080 890 2144 97
915 2078 1089 2144 manifesto
1118 2080 1295 2169 adscripta3

146 2211 174 2251 v.
205 2184 371 2251 Πλάτων
400 2183 572 2272 κωμικός
594 2209 656 2252 om.
680 2187 779 2252 verba
801 2187 1007 2270 ineptissima
1030 2180 1075 2264 ὥς
1097 2204 1205 2270 φησιν
1227 2183 1296 2254 ’Aa

149 2329 186 2339 -
213 2292 297 2377 exit,
324 2295 442 2378 quibus
464 2315 568 2379 nugas
591 2295 699 2359 inesse
722 2293 804 2360 vidit
826 2293 988 2377 Meineke3
1011 2315 1040 2358 v.
1058 2290 1296 2378 Πορφύριος

146 2403 179 2464 et
212 2421 324 2464 verum
356 2401 528 2466 verborum
556 2400 701 2466 ordinem
729 2393 863 2484 praebet
892 2399 1077 2485 Longinum
1105 2407 1296 2489 praecepto·

146 2529 215 2572 rem
234 2511 311 2592 post
329 2504 493 2573 Plotinum
513 2529 703 2573 enumerans
724 2508 886 2592 verbaque
906 2500 943 2584 ὃς
960 2508 1084 2589 κυρίως
1101 2513 1179 2591 post
1202 2507 1297 2594 φιλό-

146 2632 251 2698 σοφος
270 2614 431 2679 collocans
451 2618 484 2679 et
502 2636 563 2680 om.
578 2615 689 2699 inepta
707 2609 860 2697 Ἀμολίου
878 2613 939 2679 τοῦ
958 2617 991 2678 et
1009 2616 1177 2699 μαθητοῦ,
1199 2640 1297 2703 quam

147 2720 307 2785 addidisse
332 2720 464 2787 Suidam
492 2722 577 2786 male
601 2721 766 2799 intellecta
793 2720 908 2785 vocula
937 2708 978 2784 οὗ
1005 2721 1039 2785 in
1067 2744 1096 2786 v.
1119 2725 1298 2803 Πλωτῖνος

146 2850 246 2912 supra
264 2828 329 2892 dixi
347 2827 393 2911 (II
408 2832 427 2909 ξ
442 2825 489 2914 3),
506 2832 538 2892 et
556 2828 671 2892 titulos
692 2828 873 2893 accuratius
892 2827 1075 2914 descripsit3
1098 2851 1127 2893 v.
1147 2834 1185 2893 Π
1187 2854 1298 2912 ροαι-

146 2933 278 3017 ρίσιος
297 2955 359 2998 om.
376 2920 474 3010 οὗτος
491 2971 528 2980 -
546 2934 634 3013 exit,
653 2956 735 3019 quae
750 2934 872 2999 violato
886 2956 976 2999 more
989 2932 1201 3018 Hesychiano
1222 2942 1299 3023 post

145 3045 334 3106 enumerata
353 3041 473 3126 scripta
491 3046 667 3124 sequuntur
681 3044 714 3104 et
729 3041 866 3105 alteram
881 3041 919 3105 de
936 3044 1041 3106 aetate
1056 3041 1125 3106 eius
1139 3045 1297 3110 notitiam

147 3147 285 3211 afferunt
309 3145 399 3231 (nam
423 3169 521 3231 supra
544 3147 670 3213 dixerat
690 3145 808 3231 γέγονε
832 3146 869 3213 dl
892 3143 957 3229 πρὸ
982 3150 1149 3230 Λιβανίον
1169 3150 1246 3234 -);
1270 3176 1299 3218 v.

147 3249 348 3336 Πρόδικος
371 3275 432 3318 om.
451 3253 672 3318 narrationem
690 3251 746 3318 καί
764 3256 925 3338 παροιμία
943 3291 979 3300 -
996 3251 1120 3339 πλήθει
1139 3279 1179 3321 ex
1193 3259 1298 3324 schol.

145 3361 201 3424 Ar.
225 3358 309 3424 Nub.
331 3359 397 3424 360
420 3360 594 3425 manifesto
618 3361 839 3445 compilatam3
862 3384 891 3425 v.
910 3355 1094 3445 Πρόκλος
1113 3385 1177 3427 om.
1196 3353 1298 3443 οὗτος

146 3503 187 3513 -
209 3459 293 3549 οιιίλζ,
316 3487 398 3551 quae
422 3488 494 3531 cum
517 3489 576 3532 nec
600 3468 706 3532 minus
731 3490 828 3552 quam
848 3469 948 3533 verba
970 3468 1104 3534 Luciaui
1127 3471 1216 3534 vitae
1244 3472 1295 3536 ad·

145 3573 314 3638 haerentia
332 3571 464 3638 Suidam
484 3574 659 3659 redoleant,
677 3575 836 3640 recentius
856 3575 1029 3642 subiuncta
1048 3598 1118 3640 esse
1136 3576 1203 3641 iam
1223 3600 1297 3662 per-

146 3681 251 3764 spexit
269 3680 475 3778 Bernhardy;
498 3704 525 3748 v.
545 3679 694 3766 Σαπφώ
719 3705 781 3748 om.
806 3683 905 3748 verba
928 3671 1014 3766 ἦσαν
1033 3719 1070 3729 -
1088 3687 1297 3768 Σαλαμινία,

146 3809 229 3871 quae
256 3787 298 3852 ab
326 3787 618 3853 Alexandrinorum
649 3789 936 3873 grammaticorum
967 3789 1115 3854 doctrina
1145 3792 1297 3863 recedere

146 3894 227 3959 vidit
249 3892 406 3980 Schema,
430 3894 541 3979 Symb.
565 3895 669 3961 Bonn.
691 3918 721 3980 p.
743 3896 804 3960 741
830 3899 863 3960 et
887 3896 965 3980 759,
988 3897 1138 3962 laudatus
1162 3896 1296 3965 Daubio

219 4145 245 4213 1)
265 4141 366 4198 Snidae
384 4141 464 4197 dedit
482 4142 567 4197 etiam
587 4140 683 4209 Danh,
703 4141 780 4197 Stud.
800 4159 826 4211 p.
844 4148 902 4197 136.
939 4142 1018 4198 Alios
1036 4144 1132 4199 tamen
1151 4145 1296 4215 Hesychio

148 4224 219 4278 haec
237 4222 379 4278 vindicare
402 4239 515 4288 moneo,
539 4238 655 4291 quorum
675 4221 737 4276 loco
755 4220 784 4276 in
803 4227 826 4274 Δ
844 4223 977 4291 leguntur
998 4224 1085 4279 verba
1098 4223 1147 4279 aul
1165 4221 1224 4280 ὑπὸ
1243 4227 1296 4282 τοῦ

139 4300 263 4375 Ὁμήρου
286 4305 335 4360 rel.
355 4302 478 4370 omissis,
501 4302 531 4356 in
554 4302 665 4357 brevius
689 4304 799 4370 coacta,
823 4304 855 4357 ut
876 4304 999 4372 videtur,
1023 4321 1057 4359 ex
1080 4305 1207 4361 uberiore
1232 4323 1295 4362 sen·

144 4385 235 4439 tentia
252 4385 338 4454 vulg,
358 4383 412 4438 nisi
430 4381 523 4452 potius
542 4383 569 4437 in
589 4384 664 4453 vulg.
685 4401 703 4438 a
720 4382 846 4438 tenuiore
865 4385 925 4439 cod.
941 4390 964 4437 A
983 4385 1011 4454 (i.
1027 4401 1051 4439 e.
1066 4385 1212 4458 Hesycbii)
1227 4386 1294 4441 scri·

146 4466 227 4533 ptura
242 4463 344 4519 Suidae
362 4454 497 4532 ambages
515 4461 654 4531 profectas
673 4479 732 4518 esse
752 4460 908 4532 suspiceris.
1011 4495 1013 4498 >
