2880 5054
616 313 827 370 HESYCHIUS.
1251 314 1293 379 63

142 477 348 563 δρομένους,
373 479 408 544 οί
430 478 467 544 δὲ
487 473 751 565 Ἀριστομένους,
778 478 812 543 ολ
834 474 871 542 δὲ
885 474 1082 561 Σκάμωνος,
1106 465 1148 543 οὗ
1162 472 1293 562 ὁμωνυ-

142 610 210 670 μον
235 589 330 670 έσχεν
354 583 440 654 υἱόν.
487 584 632 669 διέτριψε
657 581 694 649 δὲ
712 581 906 662 Ἑλλάνικος
924 581 989 649 σὺν
1008 580 1180 676 Ἡροδότῳ
1203 581 1292 669 παρά

138 690 349 782 Ἀλεξάνδρῳ
375 694 421 780 τῷ
447 689 660 758 Μακεδόνων
689 696 821 776 βασιλεῖ
847 689 928 757 κατά
959 688 1036 769 τοὺς
1058 689 1204 779 χρόνους
1226 686 1292 758 Εὐ-

147 802 288 883 ριπίδου
310 799 366 865 καὶ
390 801 622 885 Σοφοκλέους,
646 800 701 865 καί
720 797 881 889 Ἑκαταίῳ
905 802 949 889 τῷ
975 803 1132 889 Μιλησίῳ
1157 799 1293 884 ἐπέβαλε

145 907 302 991 γεγονότι
329 904 412 973 κατά
438 905 478 973 τδι
501 904 651 993 Περσικά
677 905 732 971 καλ
762 909 867 996 μικρῷ
890 906 1051 994 πρόσθεν.
1098 906 1234 986 ἐξέτεινε
1257 904 1321 976 (Ite

144 1013 201 1079 καὶ
235 1013 330 1100 μέχρι
356 1016 425 1080 τῶν
453 1010 631 1099 Ἀρχελάου
659 1012 807 1099 χρόνων,
834 1014 889 1080 καὶ
918 1014 1128 1100 ἐτελεύτησεν
1144 1016 1181 1080 ἐν
1209 1021 1295 1099 Περ-

146 1125 268 1208 περίνη
291 1123 330 1209 τη
345 1119 545 1207 καταντικρὺ
564 1121 706 1206 Λέσβου.
733 1119 966 1206 συνεγράψατο
986 1120 1024 1188 δὲ
1041 1128 1177 1188 πλεῖστα
1195 1123 1296 1200 πεζοῖς

145 1253 182 1294 τε
205 1229 262 1294 καὶ
284 1231 470 1313 ποιητικῶς.

238 1352 389 1420 OCXLV.
423 1349 688 1438 Ἐμπεδοκλῆς
712 1352 889 1438 Μέτωνος,
914 1357 949 1421 οί
970 1353 1007 1421 δὲ
1028 1350 1239 1443 Ἀρχινόμου,
1263 1355 1298 1420 οί

147 1458 185 1526 δὲ
204 1461 367 1545 Ξενέτου,
390 1457 648 1546 Ἀκραγαντῖνος
672 1458 752 1545 [δὲ],
777 1461 964 1547 φιλόσοφος
987 1452 1128 1548 φυσικὸς
1146 1463 1200 1529 καὶ
1221 1464 1294 1529 έπο-
1310 1491 1335 1529 10

146 1564 256 1644 ποιός.
309 1567 365 1633 καὶ
403 1564 552 1652 άδελφδν
590 1571 662 1653 ἔσχε
699 1571 979 1656 Καλλικρατίδην.
1035 1566 1222 1656 ἠκροάσατο
1261 1567 1297 1635 δὲ

148 1673 294 1759 πρώτου·
308 1676 540 1760 Παρμενίδου,
565 1663 606 1739 οὗ
629 1699 731 1759 τινος,
755 1671 799 1754 δός
822 1694 905 1761 φησι
924 1675 1123 1763 Πορφύριος
1146 1677 1182 1742 έν
1201 1684 1296 1762 φιλο-

146 1780 244 1871 σόφφ
270 1784 415 1871 ίστορίηι,
438 1782 566 1867 ἐγένετο
586 1783 731 1848 παιδικά.
774 1784 808 1848 οί
831 1780 867 1848 δὲ
887 1787 1038 1869 ἔφρασαν
1056 1781 1213 1869 μαθητὴν
1237 1790 1297 1869 Τη-

146 1888 297 1974 λαύγους
328 1893 389 1956 τοῦ
422 1888 633 1975 Πυθαγόρου
666 1892 744 1956 υίοῦ
776 1886 836 1956 τὸν
875 1887 1096 1976 Ἐμπεδοκλέα
1129 1892 1296 1976 γενέσθαι.

149 1987 264 2080 [οὗτος
288 1994 545 2084 ὁἘμπεδοκλῆς
572 1996 698 2083 στέμμα
728 2000 812 2083 έχων
836 1997 889 2064 έπλ
912 2002 970 2083 τῆς
991 2001 1135 2084 κεφαλῆς
1149 2001 1297 2084 χρυσοῦν
1314 2025 1338 2065 ιι

147 2105 204 2172 καὶ
229 2103 381 2191 α’μόκλας
405 2105 441 2172 ἐν
469 2116 539 2182 τοῖς
561 2104 640 2170 ποσλ
662 2107 785 2190 χαλκᾶς
815 2105 870 2171 καὶ
894 2107 1060 2191 στέμματα
1085 2103 1237 2192 Δελφικὰ
1260 2107 1297 2172 έν

145 2227 218 2291 ταῖς
249 2213 362 2300 χερσὶν
396 2210 487 2300 ἐπῄει
514 2203 572 2290 τάς
599 2209 727 2296 πόλεις,
761 2209 864 2291 δόξαν
895 2212 970 2298 περὶ
994 2210 1098 2280 αὑτοῦ
1121 2227 1298 2299 κατασχεῖν

148 2317 192 2399 ως
215 2320 292 2407 περὶ
317 2322 402 2386 θεοῦ
426 2317 642 2404 βουλόμενος.
687 2318 756 2384 έπελ
780 2318 816 2384 δὲ
839 2317 978 2407 γηραιὸς
1002 2320 1143 2405 ἐγένετο,
1165 2319 1296 2405 νύκτωρ

147 2434 287 2515 ἔρριψεν
316 2424 436 2493 ἑαυτὸν
460 2429 507 2504 είς
529 2427 676 2511 κρατῆρα
700 2425 821 2512 πυρός,
851 2423 933 2493 ὥστε
957 2425 1001 2513 μη
1025 2433 1174 2514 φανῆναι
1189 2416 1298 2496 αὐτου
1370 2512 1374 2520 ¹

145 2533 183 2604 τό
202 2538 313 2620 σῶμα.
358 2535 413 2600 καὶ
437 2531 543 2612 οὕτως
565 2531 732 2618 ἀπώλετο,
754 2537 815 2600 τοῦ
839 2536 1024 2601 σανδαλίου
1048 2531 1151 2602 αὐτοῦ
1176 2537 1292 2621 έκβρα-
1307 2563 1332 2601 re

147 2644 291 2720 σθέντος
309 2637 373 2708 ὑπὸ
398 2643 459 2708 τοῦ
482 2639 595 2728 πυρός.
642 2639 808 2726 ἐπεκλήθη
833 2640 869 2707 δὲ
892 2642 947 2707 καὶ
966 2643 1217 2728 Κωλυσανέμας
1240 2640 1296 2709 διά

145 2748 184 2818 τὸ
209 2747 337 2837 άνέμου
359 2750 488 2815 πολλοῦ
512 2749 714 2833 ἐπιθεμένου
736 2751 775 2835 τῇ
792 2744 988 2835 Ἀκράγαντι
1012 2747 1161 2828 ἐξελάσαι
1180 2745 1295 2834 αὐτόν,

149 2856 254 2945 δοράς
278 2855 369 2924 ὄνων
391 2857 573 2942 περιθέντα
596 2859 636 2944 τῇ
655 2854 772 2940 πόλει]
810 2856 928 2942 γέγονε
947 2855 984 2922 δὲ
1001 2855 1125 2923 τούτου
1143 2854 1296 2942 μαθητὴς

147 2969 295 3053 Γοργίας
322 2961 339 3031 ὁ
369 2961 479 3050 ῥητωρ
509 2957 527 3029 δ
552 2968 742 3042 Λεοντῖνος.
786 2963 842 3029 καὶ
873 2967 995 3050 ἔγραψε
1024 2961 1068 3030 δι’
1100 2964 1189 3031 έποὸν
1218 2964 1292 3051 περὶ

147 3149 363 3158 ——-—--——

221 3269 235 3316 1
256 3259 287 3317 οί
303 3258 334 3315 δὲ
355 3291 388 3301 -
407 3256 471 3313 υίὸν
490 3253 858 3330 καλἙκαταίφ-Λέσβου
883 3276 936 3315 om.
956 3260 1032 3313 Εἰιιί.
1070 3260 1109 3316 cf.
1129 3279 1155 3317 v,
1174 3257 1296 3314 Σάνδων

146 3351 162 3398 3
181 3339 351 3412 Ἀλεξάνδρῳ
370 3356 420 3410 pro
442 3336 559 3413 Ἀμύντᾳ
581 3338 655 3393 infra
675 3335 820 3407 Ἀρχελάου
844 3355 895 3409 pro
918 3341 1078 3408 Περδίκκου
1102 3341 1296 3411 corrigendum

146 3441 209 3480 esse
228 3422 339 3478 monuit
359 3421 521 3475 Gutsehmid
540 3414 696 3490 (Ἀρχελάου
713 3419 802 3474 suasit
820 3418 906 3474 etiem
926 3421 1062 3490 Οῑίκίοιι),
1081 3424 1227 3493 Περδίκκᾳ
1245 3438 1296 3490 pro

143 3501 263 3576 Ἀμύντᾳ
285 3503 409 3570 σιιιιιιιι,
428 3501 490 3555 fast.
508 3517 536 3569 p.
556 3507 607 3555 εει
626 3500 673 3553 Kr.
750 3506 767 3553 ι
786 3498 927 3572 Αικαιαιῳ
946 3504 969 3552 Δ
1041 3495 1094 3570 ιῆ
1113 3502 1161 3555 και
1180 3502 1265 3556 οισι

144 3582 218 3654 πρὸς
232 3583 307 3650 libri,
322 3578 375 3651 πρὸ
392 3597 454 3636 oum
468 3580 552 3646 Porto
567 3582 717 3648 Kusterus,
732 3577 869 3650 πρότερον
883 3582 1037 3651 Ποδκσακσ,
1050 3578 1178 3650 πρόσθεν
1192 3581 1297 3648 Πυλαία,

145 3667 218 3719 Mus.
231 3664 319 3717 Rhen.
329 3661 446 3716 XXXIII
455 3679 483 3729 p.
497 3665 548 3715 165
563 3659 627 3716 coll.
639 3660 713 3716 Suid.
724 3680 750 3715 v.
762 3659 950 3732 Πλούταρχος,
965 3663 1040 3731 quod
1053 3662 1147 3731 recepi
1193 3669 1208 3717 6
1224 3664 1296 3730 Προ-

145 3747 230 3799 δίκου
250 3743 355 3798 Strictae
373 3761 398 3797 v.
415 3739 566 3812 ἐπέβαλεν,
584 3740 633 3794 ubi
648 3758 682 3795 ex
696 3741 783 3794 Paris.
798 3758 867 3796 corr.
882 3743 1020 3796 Καείιτκε
1039 3738 1208 3811 Περπερήνη
1222 3743 1295 3810 vulp.

147 3826 312 3895 Περπερίνη
331 3827 381 3876 Av
454 3827 470 3876 8
489 3822 641 3890 ποιητικῶς
659 3822 752 3876 Parte.
767 3822 895 3889 Καείιτί,
916 3818 1019 3885 έπιιιῶς
1036 3825 1108 3892 vulp.
1124 3823 1208 3889 Eud„
1227 3839 1296 3875 neu-

145 3908 223 3960 trum
244 3908 321 3959 reete
339 3921 369 3959 se
389 3903 493 3958 hebere
511 3902 623 3972 putavit
640 3903 819 3973 Bernhardp3
843 3904 892 3955 sed
916 3903 1067 3971 ποιητικῶς
1087 3905 1123 3957 ad
1141 3902 1295 3973 pleniorem

145 3987 277 4041 tabulam
306 3986 444 4054 spectare,
473 4000 528 4053 que
556 3983 744 4037 contineretur
777 3983 863 4037 etiarn
891 3984 1036 4052 catalogus
1062 3983 1295 4038 Cerneonieorum

146 4083 232 4122 versu
251 4065 366 4120 heroico
386 4065 568 4133 compositus,
587 4065 729 4133 perspexit
748 4062 908 4118 Guteetmtd

209 4157 341 4221 'CCXLV
360 4180 414 4218 om.
433 4167 463 4218 Δ.
500 4163 541 4216 De
560 4161 614 4216 hae
636 4161 697 4215 vita
720 4161 765 4231 egi
788 4163 859 4216 Mus.
878 4162 966 4218 Rhen.
985 4162 1089 4216 XXXV
1111 4181 1137 4232 p.
1158 4168 1223 4231 209,
1247 4161 1296 4215 nbi

146 4247 236 4302 verbe
255 4238 338 4308 οὗτος
357 4246 392 4285 -’
410 4241 491 4297 πόλει
509 4260 526 4297 a
548 4241 635 4296 Surda
654 4259 687 4295 ex
701 4241 987 4314 Porphyriihietoria
1004 4242 1115 4298 adiecta
1133 4260 1195 4297 esse
1213 4242 1297 4296 docui

149 4334 185 4382 10
203 4325 331 4387 Ξενίτον
350 4324 428 4391 libri,
444 4319 607 4390 Ἐξαινέτου
627 4339 660 4377 ex
682 4322 764 4394 Diog.
783 4324 862 4392 VIII,
881 4329 914 4377 53
934 4341 987 4378 ree.
1007 4324 1122 4391 Βελίαν,
1142 4322 1184 4375 his
1203 4321 1296 4376 verbis

148 4407 267 4463 adiunxi
283 4403 425 4477 Ἅκραγαν.
445 4437 477 4445 -
499 4399 646 4475 ἐποποιός,
665 4422 738 4475 quae
756 4402 786 4458 in
804 4403 884 4458 libris
902 4405 967 4474 poet
984 4402 1121 4473 γενέσθαι
1139 4403 1272 4472 leguntur

151 4494 186 4543 12
206 4483 238 4542 ἐν
258 4491 349 4558 φιλοι.
368 4483 452 4556 ίστορ.
472 4501 507 4541 ex
524 4502 579 4540 uno
598 4486 660 4542 Par.
680 4485 742 4541 edd.
762 4485 899 4541 Καιιινιιε
973 4489 1005 4538 15
1026 4479 1162 4539 ἐποποιόν
1179 4489 1202 4537 v
