2910 5056
536 290 836 347 Pucnnuouuna
1176 292 1251 346 XXI

104 457 234 520 tilatam
263 464 373 520 extare
404 455 521 520 docent
544 455 586 540 gl.
613 448 870 540 Ἁλκιβιάδηςῑ),
899 453 1125 538 Λημοσθένης
1153 450 1251 538 Ἁβδ,

104 564 316 648 Μίμνερμος,
345 561 482 638 Παῦλος
511 562 585 644 Αίγ.
614 560 668 645 ah,
697 562 825 646 saepius
854 562 961 645 ipsum
990 559 1122 626 Suidam
1147 562 1250 648 Hesy-

104 670 240 734 chianae
273 670 405 734 tabulae
438 669 509 732 loco
543 690 582 733 ex
610 690 667 732 suo
698 669 827 753 ingenio
853 663 894 733 ab
922 668 980 731 illa
1014 669 1175 734 diversam
1204 670 1251 733 in·

101 775 239 841 trusisse
254 777 296 860 gl.
310 771 553 859 Ἀριστοφάνης
571 798 652 858 ιιωμ.
668 778 700 838 et
715 774 852 839 fortasse
866 769 1093 859 Ἱπποκράτης,
1108 776 1250 860 saepius-

101 905 163 967 que
187 884 335 948 omisisse
359 883 491 947 verbum
511 882 678 952 doctrinae
704 903 806 967 genus
830 882 990 965 indicans,
1014 883 1109 966 quale
1129 883 1250 968 ίστορι-
1315 903 1323 919 ·

99 988 167 1072 κός,
183 986 297 1076 ίατρός
311 990 382 1054 sim.
397 989 439 1074 gl.
452 983 666 1075 Όρειβίσιος,
682 986 835 1071 Σέργιος,
854 991 1001 1072 Τίμαιος,
1016 984 1251 1074 Χριστόδωρος

99 1099 192 1181 dicut,
213 1092 336 1183 Ὠρίων
360 1099 441 1180 Θηβ.
466 1096 506 1160 al.
529 1094 771 1179 Nonnunquam
796 1098 904 1161 autem
934 1118 972 1160 ex
1000 1095 1135 1160 diversis
1164 1096 1251 1180 vitia,

99 1204 239 1268 fortasse
255 1204 568 1290 cognominatorum,
583 1204 663 1268 talia
676 1204 808 1268 confusa
826 1225 896 1268 esse
911 1205 1049 1286 constat,
1060 1203 1148 1266 velut
1162 1199 1251 1280 υίὸς

96 1304 290 1395 Ἆριστοφ.
313 1335 343 1378 v.
364 1309 560 1393 Φιλέταιρος
582 1311 666 1375 forto
691 1333 729 1375 ex
748 1311 894 1395 Philippi
915 1311 1029 1376 comici
1049 1313 1124 1390 vita,
1146 1311 1250 1376 ίστο-

99 1414 214 1500 ρικός
232 1440 260 1481 v.
278 1412 453 1502 Ὀνιίοιμος
472 1441 512 1482 cx
529 1417 676 1482 Onesimi
694 1417 851 1502 furatum,
871 1413 999 1503 ῥήτωρ
1019 1441 1048 1482 v.
1067 1415 1251 1501 Τιμαγένης

98 1525 160 1590 ίοτ.
190 1548 229 1590 ex
255 1524 394 1589 rhetoris
418 1525 620 1610 Timagenis,
645 1520 771 1610 ῥήτωρ
796 1525 935 1588 fortasse
962 1525 1061 1589 etiarn
1084 1549 1113 1588 v.
1137 1529 1250 1608 Κεφα-

97 1635 183 1697 λίων
207 1632 336 1696 aliunde
359 1635 489 1716 raptum
514 1630 568 1718 (cf.
587 1632 696 1716 Daub,
716 1631 806 1697 Stud.
821 1655 851 1715 p.
868 1631 912 1718 7),
930 1621 1203 1716 γραμματικός
1221 1655 1250 1696 v.

94 1734 216 1804 Ἰάσων
240 1761 279 1803 ex
303 1739 437 1804 alterius
461 1739 588 1804 lasonis
616 1740 684 1804 vita
709 1737 785 1825 (om.
809 1736 921 1825 Eud),
950 1739 1013 1803 nisi
1040 1739 1150 1823 potius
1178 1761 1249 1803 cum

96 1845 326 1910 Gutschmidio
356 1846 501 1930 praefers
525 1842 750 1930 γραμματεύς,
777 1842 946 1929 ποιητής
968 1868 995 1909 v.
1024 1841 1169 1929 Τρύφων
1195 1850 1251 1910 aut

95 1977 137 2018 ex
170 1953 363 2037 antiquioris
397 1956 453 2016 aut
488 1974 526 2016 ex
555 1953 695 2026 iunioris
728 1951 946 2037 Tryphiodori
980 1950 1029 2036 (in
1063 1975 1126 2035 qua
1152 1952 1249 2018 hodie

95 2057 314 2144 desideratur)
341 2059 509 2145 illapsum,
535 2060 599 2124 alia
623 2083 641 2124 a
665 2082 741 2124 vero
767 2061 880 2124 abesse
904 2057 970 2123 dixi
994 2060 1034 2123 ad
1058 2083 1087 2124 v.
1102 2061 1249 2144 Κρίτων,

96 2166 196 2232 Λέων
229 2169 325 2249 But,
359 2167 530 2250 Παμφίλη.
582 2165 781 2241 Quibusdam
811 2188 887 2230 vero
922 2166 956 2229 in
985 2165 1061 2230 vitis
1094 2166 1146 2230 vel
1177 2167 1250 2250 ipsa

95 2275 281 2360 glossarum
305 2273 459 2337 lemmata
484 2273 678 2357 exciderrmt,
702 2273 819 2356 quibus
844 2274 1012 2357 scriptoris
1032 2296 1150 2338 nornen
1170 2275 1247 2338 olim

94 2382 283 2467 legebatur:
312 2383 440 2445 constat
468 2379 501 2444 id
531 2380 658 2464 quidem
684 2379 722 2443 de
745 2379 900 2465 Philippo
925 2381 1081 2464 Opunti0,
1110 2381 1248 2447 fortasse

93 2489 136 2552 de
161 2487 367 2566 Timochare,
390 2486 581 2552 Aristarcho
601 2487 758 2573 Tegeata,
782 2485 941 2571 Cornuto,
966 2510 1060 2571 quem
1084 2510 1157 2552 oum
1180 2489 1249 2554 rhe-

95 2602 183 2678 tore,
215 2593 299 2658 Livii
328 2579 470 2676 aequali,
498 2593 608 2676 inepte
638 2591 753 2658 Suidas
787 2594 946 2676 confudit,
978 2593 1248 2677 quemadmodum

13 2783 15 2787 Ι
95 2701 251 2766 Severum
279 2699 459 2784 sophistam
487 2720 559 2762 cum
587 2699 791 2783 imperatore.
839 2698 1033 2783 Saepissime
1062 2704 1170 2764 autem
1194 2722 1247 2786 ge-

93 2809 199 2874 nuina
221 2808 394 2873 verborum
419 2805 517 2870 series
541 2805 575 2868 in
594 2803 711 2870 Suidae
736 2806 811 2870 vitis
836 2806 958 2871 violata
981 2811 1040 2890 cst,
1064 2831 1161 2892 quam
1184 2809 1248 2873 nisi

94 2914 286 2982 certissimis
311 2912 512 2999 argumentis
536 2912 692 2977 adductus
719 2935 870 2978 revocare
893 2936 1077 3001 nontausus
1098 2937 1169 2978 sum
1194 2911 1248 3000 (cf.

94 3047 126 3088 v.
148 3016 423 3105 Ἀναξανδρίδης,
445 3013 639 3102 Ἁπττιοινός,
662 3014 898 3104 Ἐμπεδοκλῆς,
927 3017 1125 3104 Εὐκλείδης,
1154 3020 1248 3086 Θέων

94 3133 304 3214 Γυμνασίον,
324 3125 500 3213 Στράττις,
529 3130 664 3211 Τίμαιος
688 3127 760 3210 ica,
790 3126 969 3207 Φιλόξενος
988 3122 1078 3194 Κνθ.
1098 3126 1162 3214 ah).
1205 3127 1249 3192 Et

94 3238 257 3322 profecto,
276 3237 309 3300 id
328 3235 413 3321 quod
433 3235 572 3298 maxime
591 3234 765 3298 dolendum
785 3239 849 3319 est,
872 3257 938 3300 non
962 3257 1073 3299 omnes
1093 3233 1248 3318 Hesychii

96 3345 184 3410 vitas
205 3341 320 3408 Suidas
336 3342 516 3427 descripsit,
532 3341 586 3405 sed
605 3345 703 3424 prout
722 3340 901 3425 videbatur,
920 3342 1004 3406 hanc
1026 3342 1124 3406 vitam
1145 3341 1247 3405 lexico

96 3474 157 3517 suo
188 3449 336 3532 inseruit,
370 3448 615 3531 illam-omisit,
646 3447 903 3532 accuratissime,
936 3452 972 3512 ut
1001 3448 1130 3532 opinor,
1162 3448 1247 3512 vitas

95 3580 179 3642 quac
205 3556 263 3621 sub
285 3557 379 3621 litera
398 3556 427 3618 A
447 3558 480 3619 et
502 3555 532 3619 X
555 3556 722 3640 leguntur,
747 3555 946 3639 describens,
972 3555 1057 3640 quod
1085 3555 1182 3620 etiam
1209 3555 1247 3618 de

96 3664 245 3730 Eudocia
263 3667 376 3728 notum
400 3666 457 3728 est.
498 3662 588 3726 Idem
608 3663 673 3726 iarn
693 3662 941 3746 epitomatorem
960 3663 1076 3728 fecisse
1097 3662 1247 3746 arbitror,

97 3770 252 3856 quoniam
280 3771 453 3835 nonnullas
482 3769 723 3853 celeberrimas,
753 3769 904 3854 inprimis
932 3773 1102 3854 poetarum
1131 3763 1248 3855 (Ἀρχί-

95 3883 210 3960 λοχος,
244 3875 395 3957 Νόννος,
430 3881 621 3959 Μουσαῖος,
655 3873 814 3962 Κόιντος)
847 3876 898 3941 rel
931 3876 1162 3943 historicorum
1196 3876 1247 3941 vel

97 3984 238 4049 aliorum
272 3981 376 4070 (velut
407 3984 590 4067 Οἰνοπίδης
622 3988 719 4067 Χίος,
753 3986 998 4069 Καλλίστρατον
1027 3983 1082 4070 al.)
1114 4006 1246 4068 prorsus

96 4088 302 4156 intercidisse
326 4090 535 4156 manifestum
561 4094 620 4154 cst.

171 4357 197 4424 1)
217 4356 303 4422 Nam,
322 4357 354 4409 ut
372 4355 400 4410 in
415 4355 475 4409 vita
488 4352 699 4420 Themistoclis,
720 4355 753 4408 do
769 4355 942 4411 orationibus
956 4351 1111 4408 Alcibiadis
1127 4353 1173 4422 (cf.
1190 4352 1246 4408 Cic.

98 4436 133 4492 dc
153 4453 193 4491 or.
213 4434 253 4503 ΙΙ,
272 4439 317 4506 23)
337 4435 443 4490 dictum
461 4435 554 4492 fucrit.
593 4435 632 4489 Cf.
652 4435 798 4490 Ruhnken.
817 4434 881 4491 hist.
901 4434 945 4492 Or.
965 4453 992 4504 p.
1012 4431 1162 4488 XXXVIII.
