2880 5054
181 314 247 378 204
647 310 860 366 HESYCHIUS.

182 479 243 558 [εἰς
265 473 305 543 τά
328 473 501 561 Πρόκλου]
530 474 696 560 περὶτῶν
722 470 800 560 παρ’
825 468 955 565 Ὁμήρῳ
983 476 1092 557 θεῶν,
1125 477 1309 559 συμφωνίαν

177 579 335 669 Ὀρφέως,
359 579 571 668 Πυθαγόρου
589 582 644 647 καὶ
664 578 846 660 Πλάτωνος
864 580 938 667 περὶ
958 577 997 646 τά
1016 577 1129 664 λόγια,
1149 585 1260 666 βιβλία
1276 578 1310 669 ίΙ

179 688 235 756 καί
259 687 338 756 άλλα
362 688 436 755 τινὰ
461 687 644 774 ε’ξηγητικά.

268 813 438 880 DOOLVI.
476 811 691 898 Σωκράτης
714 817 962 900 Σωφρονίσκου
990 809 1153 891 λιθοξόου
1182 812 1238 878 καὶ
1265 836 1314 897 μη-

153 918 257 1007 ετρὸς
283 921 489 1005 Φαιναρέτης
513 923 627 1006 μαίας,
654 918 819 1005 πρότερον
842 918 1024 1004 γενόμενος
1046 917 1222 1004 λιθοξόος,
1244 915 1316 986 ὥστε

179 1034 238 1095 καί
272 1047 377 1114 φασιν
410 1024 516 1094 αὐτοῦ
548 1032 648 1116 ἔργον
682 1023 768 1093 εἰναι
801 1024 858 1104 τὰς
887 1023 1071 1111 Ἀθήνησιν
1104 1025 1318 1111 ἐνδεδυμένας

184 1132 340 1220 Χάριτας,
369 1133 438 1202 εἶτα
458 1132 690 1220 φιλοσοφήσας
714 1131 770 1200 διὰ
793 1131 830 1200 τὸ
856 1129 997 1199 οἰκοῦσαι
1018 1129 1246 1216 Ἀναξαγόρου
1266 1134 1318 1199 τοῦ

181 1247 424 1327 Κλαζομενίου,
457 1238 526 1308 εἶτα
555 1238 738 1325 Δάμωνος,
772 1236 841 1306 εἰτα
867 1235 1053 1326 Ἀρχελάου.
1100 1234 1318 1325 Ἀριστόξενος

181 1345 218 1413 δὲ
244 1344 422 1433 Ἀρχελάου
451 1348 584 1432 πρῶτον
613 1342 717 1413 αὐτόν
747 1348 923 1413 διακοῦσαι
952 1334 1055 1429 λέγει,
1084 1344 1261 1430 γεγονέναι
1286 1344 1317 1413 δὲ

141 1481 166 1520 ιο
180 1451 285 1520 αὐτοῦ
308 1453 363 1520 καί
387 1451 534 1537 παιδικά,
559 1451 791 1539 σφοδρότατόν
814 1478 848 1519 τε
871 1452 946 1538 περὶ
965 1449 1004 1518 τά
1028 1448 1227 1539 ἀφροδίσια,
1250 1449 1316 1520 ἀλλ’

136 1638 144 1649 ⁶
181 1558 382 1646 ἀδικήματος
412 1565 528 1647 χωρίς,
559 1556 603 1638 ὡς
633 1559 831 1646 Πορφόριος
859 1560 896 1626 ἐν
923 1561 962 1648 τῇ
991 1557 1171 1651 φιλοσόφῳ
1201 1563 1317 1649 ίστορίγ

180 1670 293 1752 φησίν.
340 1669 373 1746 ἐς
397 1666 434 1734 δὲ
457 1664 584 1753 άνδρας
607 1665 718 1733 ἰλθώυ
743 1664 981 1751 ἐστρατεύσατο
1006 1674 1053 1745 εἰς
1074 1691 1111 1733 τε
1129 1663 1316 1754 Ἀμφίπολιν

180 1774 235 1841 καί
263 1778 452 1841 Ποτίδαιαν
483 1775 538 1841 καί
567 1776 606 1841 έπ
607 1775 619 1840 ί
582 1778 750 1864 πίΛηλ
739 1802 774 1841 ω
823 1773 878 1840 καὶ
906 1786 1062 1860 γαμεταῖς
1090 1773 1128 1841 δὲ
1157 1773 1315 1867 συνςόκησε

181 1879 254 1966 δύο,
272 1879 506 1970 Ξανθίππη,’
488 1878 547 1967 αφ’
574 1872 613 1967 ής
636 1885 732 1967 έσχευ
755 1878 832 1948 υίόν
854 1881 1088 1967 Λαμπροκλέα,
1111 1882 1168 1948 καὶ
1192 1881 1315 1968 δευτέρη

141 2014 167 2053 15
182 1995 318 2072 Μυρτοί
343 1992 383 2076 πή
404 1985 608 2075 Ἀριστείδου
635 1991 695 2055 τοῦ
724 1991 857 2054 δικαίου
884 1992 1045 2074 θυγατρί,
1076 1978 1156 2068 ἐξ
1135 2014 1176 2074 ης
1201 1988 1312 2074 ἐγένετο

181 2100 424 2180 Σωφρονίσκος
451 2096 507 2160 καί
535 2097 749 2180 Μενέδημος,
780 2090 800 2180 ή
830 2094 1032 2179 Μενέξενος,
1062 2091 1107 2174 όός
1134 2113 1201 2162 τισι
1230 2098 1311 2162 δοκεῖ.

184 2201 239 2267 καί
264 2202 315 2268 ἐπὶ
338 2200 400 2288 μὲν
424 2206 492 2268 τῶν
511 2206 843 2288 Πελοποννησιακῶν
862 2202 1012 2287 γέγονεν,
1035 2197 1080 2279 ὡς
1102 2200 1195 2292 ιόπφ
1213 2206 1310 2285 εἰπεῖν,

182 2305 365 2394 ὀλυμπιάδι
388 2307 453 2393 πζ’,
478 2311 556 2395 ἐβίω
582 2309 618 2376 δὲ
644 2314 697 2395 ἔτη
723 2307 771 2376 ο’·
794 2305 864 2375 εἶτα
887 2304 1017 2396 άλογίμ,
1041 2311 1170 2394 μᾶλλον
1194 2307 1230 2376 δὲ
1245 2304 1309 2375 άπο

180 2422 258 2505 νοίηι
285 2419 353 2483 τῶν
377 2412 566 2502 Ἀθηναίων
593 2415 747 2501 βιασθεὶς
774 2428 862 2481 πιεῖν
891 2412 1035 2483 κώνειον,
1060 2410 1246 2499 άπέθανεν,
1271 2417 1308 2497 ἔγ-

140 2544 167 2585 εο
181 2549 314 2610 γραφου
343 2522 445 2592 οὐδὲν
473 2525 679 2608 καταλιπών,
711 2518 732 2608 ή
761 2519 806 2600 όίς
827 2548 915 2601 τινες
941 2520 1123 2607 βούλονται
1145 2519 1251 2609 ὕμνον
1274 2522 1308 2596 εἰς

174 2625 369 2697 Ἀπόλλωνα
404 2629 459 2696 καὶ
490 2628 644 2717 ’Ἀρτεμιν
676 2627 731 2696 καὶ
770 2632 883 2715 μῦθον
921 2627 1112 2695 Αἰσώπειον
1150 2626 1194 2696 δι’
1227 2628 1306 2697 ἐπάν.

181 2735 391 2824 φιλοσόφους
411 2736 447 2804 δὲ
467 2735 642 2822 εἰργάσατο
664 2733 841 2819 Πλάτωνα,
861 2730 897 2814 ὃς
916 2731 1105 2803 καταλιπων
1124 2734 1162 2803 τὸ
1184 2733 1307 2803 Λόκειον

180 2842 294 2931 (τόπος
327 2841 364 2908 δὲ
397 2832 494 2921 οὗτος
523 2840 693 2930 Ἀθηνῶν)
725 2839 887 2928 μετήγαγε
925 2839 986 2928 τήν
1023 2840 1148 2929 σχολήν
1182 2843 1217 2910 έν
1245 2862 1307 2927 προ·

181 2955 315 3038 αστείῳ,
344 2977 381 3038 τη
406 2947 603 3037 Ἀκαδημείᾳ
630 2948 961 3037 προσαγορευομένη,
991 2947 1060 3037 (καὶ
1085 2952 1120 3017 οἰ
1141 2946 1199 3016 ἀπ’
1223 2943 1307 3015 αὐτοῦ

141 3078 167 3118 ει
180 3046 415 3142 Ἀκαδημαϊκοὶ
447 3054 656 3185 [φιλόσοφοι]
685 3054 1010 3143 προσηγορεύθησαν
1034 3057 1130 3146 μέχρι
1149 3048 1308 3144 Ἀριστοιί

181 3170 274 3240 λους·
313 3160 413 3241 αὐτὸς
446 3160 510 3250 γάρ
544 3161 709 3249 ἀκροατής
740 3189 799 3230 του
832 3161 1016 3243 Πλάτωνος
1047 3162 1244 3251 γενόμενος,
1275 3161 1309 3235 είς

179 3271 288 3356 κήπόν
315 3297 391 3337 τινα
427 3269 491 3359 πρὸ
520 3274 578 3356 τής
604 3269 732 3349 πόλεως
758 3268 816 3349 τάς
843 3268 1015 3358 διατριβάς
1037 3269 1260 3359 ποιησάμενος
1285 3265 1310 3333 ἐκ

180 3381 240 3444 τοῦ
263 3375 334 3443 κατ’
356 3375 459 3444 αὐτὸν
483 3378 664 3464 περιπάτου
682 3374 967 3465 Περιπατητικοὺς
990 3375 1145 3464 ιόνόμασε
1168 3376 1245 3457 τοὺς
1265 3363 1308 3441 δι’

181 3482 314 3572 αὐτοῦ)
343 3485 424 3568 [καὶ]
449 3482 662 3570 Ἀρίστιππον
686 3479 937 3571 Κυρηναῖον,
928 3482 964 3564 ός
992 3487 1084 3551 ἰδίαν
1107 3487 1237 3570 αἵρεσιν
1262 3485 1313 3549 εἰσ·

141 3614 168 3652 3ο
182 3587 285 3676 ήγαγε
317 3591 372 3656 καὶ
403 3588 527 3679 σχολήν
558 3590 783 3676 συνεστήσατο
807 3586 868 3676 τήν
892 3588 1113 3678 Κυρηναϊκήν
1135 3600 1313 3679 κληθεῖσαν·

253 3748 390 3828 ΒΟΟΙΝΙ,
405 3750 445 3805 cf.
460 3750 540 3818 Diog.
556 3751 594 3818 ΙΙ,
611 3756 642 3805 18
658 3768 714 3819 seq.
738 3749 877 3817 Hesychio
892 3751 1010 3805 fortasse
1027 3751 1182 3807 tribuenda
1195 3767 1253 3807 οεεο
1266 3752 1316 3804 Σο

182 3825 285 3900 κράτης
304 3861 337 3868 -
355 3824 499 3899 Ἀρχελάου
519 3832 547 3883 et
566 3830 614 3884 καί
634 3826 680 3885 ἐπί
699 3827 750 3899 μὲν
767 3861 799 3868 -
814 3825 855 3883 δι’
872 3826 949 3885 ἐπάν
964 3830 1022 3885 dixi
1036 3831 1107 3886 Mus.
1123 3832 1213 3887 Rhen.
1227 3824 1317 3886 XXXV

181 3930 208 3980 p.
226 3915 283 3964 198.
322 3910 470 3980 Porphyrii
493 3907 617 3980 ίστορίαν
637 3907 795 3979 φιλόσοφον
814 3913 850 3966 ab
864 3912 1003 3981 Hesychio
1021 3911 1181 3966 adhibitam
1199 3928 1259 3967 οιεε
1280 3908 1319 3962 δο

182 3992 241 4047 cuit
258 3992 353 4046 Rohde
448 3988 659 4057 λλιθοξόοςν
754 3989 967 4062 8Δήμωνος7
1064 3992 1214 4047 ΜιλλίσνΠ
1231 4008 1259 4061 p.
1276 3992 1320 4043 28⁰

181 4073 225 4140 (fr.
241 4076 286 4141 25)
346 4066 493 4142 9πράτον
512 4077 535 4123 V
607 4078 639 4125 14
657 4074 747 4126 παῖδα
768 4068 871 4141 ἔσχεν
936 4079 968 4127 16
987 4067 1025 4134 όός
1043 4089 1098 4126 τισι
1118 4075 1205 4127 δοκεῖ
1217 4072 1321 4127 etmox

182 4149 219 4215 ὡς
237 4149 316 4225 τόπῳ
336 4151 427 4207 εἰπεῖν
447 4169 499 4206 om.
519 4157 542 4203 V
633 4158 665 4206 18
689 4147 736 4216 κζ’
751 4183 787 4190 -
802 4147 830 4204 α’
848 4151 989 4221 Ηαςὶίανίλ
1006 4151 1177 4222 Bemhardy
1199 4150 1322 4206 laudatas

182 4233 306 4299 Βολιλαο,
324 4232 394 4286 Mus.
414 4233 503 4286 Rhen.
523 4232 640 4285 XXXIII
660 4249 687 4300 p.
709 4238 758 4286 190
778 4228 820 4298 ιζ’
842 4263 873 4271 -
893 4227 926 4286 π’
950 4232 1029 4298 libri,
1053 4231 1128 4302 quod
1150 4231 1322 4287 librariorum

182 4327 273 4366 errore
293 4314 384 4367 ortum
404 4311 529 4382 suspicor
593 4316 627 4364 20
646 4305 730 4364 άλλον
749 4312 814 4381 post
833 4306 919 4365 οὐδὲν
938 4310 1017 4366 addit
1035 4313 1174 4367 Κκείανιια
1235 4316 1269 4367 21
1287 4308 1322 4365 Οἱ

182 4392 326 4460 Menagius
344 4393 373 4445 in
392 4391 472 4460 Diog.
493 4391 526 4459 II,
546 4396 579 4443 42
635 4396 668 4443 22
689 4408 744 4458 seq.
760 4421 795 4431 -
814 4390 878 4444 exit.
898 4392 1053 4459 Porphyri0
1073 4391 1214 4463 δεεοιίρίια
1233 4390 1324 4447 viden·

182 4472 229 4523 tur
248 4487 306 4524 esse
379 4477 413 4524 25
432 4468 585 4540 φιλόσοφοι
604 4488 656 4525 om.
675 4476 724 4525 Av
794 4478 827 4526 29
848 4471 897 4526 καί
914 4469 1006 4525 delevi
