2910 5056
598 285 885 341 PROLEGOMENA.
1237 286 1310 340 LVII
1395 287 1398 293 ’

157 451 226 513 lum
246 471 325 513 num
344 448 507 533 Hesychio
526 453 657 533 praesto
677 449 789 533 fuerit,
812 450 955 514 dubium.
992 448 1182 534 Ambigitur
1202 453 1310 515 autem

158 557 197 621 de
213 555 494 642 Lysimach01),
509 579 604 640 quem
618 557 732 622 laudat
745 557 892 622 Eudocia
906 579 934 622 v.
950 551 1183 640 Διογενιανός,
1199 579 1310 641 quam·

160 686 258 748 quam
287 664 411 746 etipse
435 662 655 728 deHeraclea
682 663 818 729 Pontica
849 664 1032 748 disputasse
1060 662 1194 727 videtur.
1238 661 1311 729 Hoc
1377 695 1380 701 ·

159 769 271 835 veliis
296 769 417 835 dictum
441 791 511 834 esse
536 770 625 855 volo,
649 771 704 854 qui
723 772 763 836 ad
786 793 885 835 unum
909 769 1033 836 fontem
1057 791 1184 835 omnem
1207 769 1310 855 Hesy·
1338 818 1341 823 -

159 876 226 942 chii
251 876 432 941 doctrinam
456 876 602 964 redigere
625 877 771 942 tendant.

250 984 406 1048 Attamen
430 1005 559 1067 caveas,
586 1006 627 1048 ne
653 985 771 1068 omnia,
797 1005 879 1068 quae
902 984 941 1048 de
965 983 1071 1066 patria
1095 988 1263 1048 auctorum
1291 1007 1311 1048 a

159 1088 357 1174 Biographis
376 1087 508 1155 Graecis
534 1094 720 1177 narrantur,
744 1091 784 1156 ad
808 1113 863 1156 eos
888 1113 968 1175 quos
993 1090 1178 1155 enumeravi
1202 1091 1309 1154 fontes

159 1196 298 1278 referas,
325 1219 402 1260 nam
431 1197 568 1280 exempli
592 1197 698 1282 gratia
721 1198 820 1261 etiam
844 1196 1114 1280 Asclepiadem
1143 1196 1309 1281 Myrlea·

159 1324 246 1366 num
274 1302 309 1366 in
336 1303 419 1368 libro
448 1301 523 1386 περὶ
551 1305 788 1388 γραμματικῶν
816 1304 976 1369 interdum
1004 1304 1043 1368 de
1071 1304 1179 1388 patria
1205 1302 1309 1368 fusius

161 1409 347 1493 disputasse
371 1411 529 1494 probatur
553 1411 620 1475 vita
644 1409 739 1475 Arati
762 1411 810 1475 ed.
829 1409 1001 1476 Westerm.
1016 1434 1045 1495 p.
1061 1411 1113 1496 52,
1127 1411 1157 1476 5.
1195 1409 1309 1486 Quam-

160 1517 272 1580 obrem
300 1515 410 1600 Daub,
443 1517 482 1581 de
511 1515 597 1582 Suid.
622 1540 652 1600 p.
672 1518 736 1583 459
761 1517 957 1601 Hesychium
986 1518 1124 1598 alterum
1152 1517 1190 1581 de
1216 1516 1310 1580 Arati

158 1623 268 1707 patria
296 1623 419 1688 fontem
450 1621 635 1710 (Philonem
659 1623 848 1710 Byblium?)
878 1624 1063 1688 adhibuisse
1091 1623 1207 1688 merito
1236 1644 1309 1688 oon·

161 1727 301 1817 clusit.²)
325 1729 371 1796 At
386 1731 420 1795 in
441 1730 514 1795 aliis
533 1729 645 1796 forsan
660 1731 734 1795 vitis
750 1731 892 1795 eiusdem
907 1730 1111 1815 Asclepiadis
1130 1730 1310 1796 doctrinam

165 1835 341 1919 aliquando
364 1837 398 1901 in
421 1838 525 1902 lucem
548 1836 751 1920 prodituram
776 1859 846 1901 esse
870 1837 994 1921 opinor.

229 1942 472 2028 'Hermippi
505 1942 685 2028 Berytu,
719 1943 866 2010 Philonis
900 1943 1044 2027 aequalis
1082 1945 1114 2006 et
1150 1942 1389 2028 discipuli,§5

158 2046 236 2134 περὶ
255 2052 324 2115 των
343 2049 379 2115 ἐν
398 2052 532 2138 παιδείᾳ
551 2046 814 2134 διαλαμψοίντων
833 2046 966 2115 δούλων
985 2048 1128 2153 liberxab
1143 2047 1308 2132 Hesychio

157 2158 313 2222 laudatur
336 2153 524 2242 ν.Ἀβρων,
539 2153 683 2240 Ἴστρος,
707 2156 916 2241 Παρθένιος,
941 2159 981 2222 ab
1006 2150 1115 2240 Etym.
1134 2154 1177 2219 Μ.
1190 2178 1221 2240 p.
1237 2157 1309 2240 118,
1403 2181 1405 2186 ·

159 2265 204 2327 14
234 2287 262 2326 v.
288 2257 476 2348 Ἀτοίμεια,
495 2285 590 2348 quem
620 2263 727 2328 locum
756 2285 835 2328 corr.
863 2263 1144 2348 Hemsterhusins,
1177 2285 1241 2346 qua
1269 2263 1309 2327 de

157 2371 239 2434 urbe
270 2370 472 2454 Hesychium
506 2371 539 2434 in
575 2370 642 2435 vita
671 2369 840 2435 Parthenii
875 2371 1058 2456 disputasse
1092 2373 1220 2435 constat
1253 2369 1309 2455 (cf.

156 2476 281 2540 Annal.
300 2477 379 2560 phil.
402 2477 486 2542 1880
504 2500 534 2560 p.
554 2477 616 2542 831
642 2475 767 2564 not.).³)
813 2476 1022 2543 Luculentius
1055 2482 1177 2561 autem,
1211 2500 1308 2561 quam

156 2583 298 2648 aliorum
323 2587 490 2649 auctorum
510 2582 681 2669 Hermippi
700 2584 841 2670 vestigia
860 2585 894 2648 in
913 2585 990 2650 vitis
1009 2583 1223 2668 Hesychianis
1243 2583 1308 2648 eni·

155 2694 300 2774 tescunt,
323 2712 388 2774 quo
412 2690 541 2773 quidem
565 2690 615 2774 fit,
639 2695 675 2754 ut
697 2693 858 2774 quotquot
881 2693 957 2754 sunt
979 2689 1164 2775 fragmenta
1187 2691 1255 2754 eius
1274 2690 1309 2754 in

156 2797 235 2860 vitis
263 2796 430 2861 enucleare
457 2797 629 2880 possimus.
680 2796 773 2873 Quod
802 2795 944 2861 officium
972 2796 1145 2881 diligenter
1172 2797 1308 2881 perfecit
1409 2859 1411 2863 ,

156 2902 385 2988 Wachsmuth,
401 2901 510 2986 Symb.
525 2902 629 2967 Bonn.
643 2926 673 2986 p.
690 2903 753 2968 139
765 2901 872 2988 seq.4),
887 2903 946 2968 has
961 2903 1087 2989 glossas
1102 2925 1307 2968 enumerans:

119 3006 296 3094 ”Ἀβρων,
319 3010 492 3093 Αἰσχίνης,
520 3014 676 3087 Αἴσωπος
699 3009 837 3094 Σάμιος,
858 3002 1073 3096 Ἀλέξανδρος
1092 3005 1109 3075 ὁ
1130 3006 1308 3093 Μιλήσιος,

153 3111 314 3200 Ἀλκμάν,
340 3110 546 3201 Ἀντίμαχος,
567 3112 782 3201 Ἀντιφάνης,
803 3113 941 3199 Ἀντίων,
961 3110 1205 3201 Ἀριστογένης,
1226 3112 1307 3201 Ἀρι-

157 3219 340 3307 στοφάνης,
365 3220 548 3308 Διαγόρας,
568 3219 819 3309 Ἐπαφρόδιτος,
841 3219 1205 3310 Ἐττίκτητος,·Ἐρμίας,
1228 3218 1306 3288 Θεό-

158 3331 280 3414 δωρος,
297 3324 491 3415 Ἰάμβλιχος,
500 3327 642 3416 Ἴστρος,
661 3335 846 3415 Καικίλιος,
867 3328 1082 3416 Μεσομήδης,
1102 3327 1307 3414 Μεταγένης,

159 3433 366 3519 Παρθένιος,
386 3443 564 3521 Περσαῖος,
581 3433 723 3521 Ῥιανός,
747 3434 936 3524 Σιβύρτιος,
960 3436 1156 3524 Τιμαγένης,
1179 3441 1306 3521 Τνραν-

158 3544 280 3618 νίωνες
303 3542 379 3623 dno,
411 3546 564 3628 Φαίδων,
591 3542 781 3628 Φιλόξενος,
808 3544 956 3628 Φλέγων,
984 3542 1128 3631 Φόρμος,
1151 3547 1308 3629 Χοιρίλος

158 3644 299 3733 Σάμιος.
329 3648 482 3734 Expunxi
501 3673 539 3716 ex
558 3652 662 3717 indice
686 3653 729 3736 gl.
748 3653 905 3730 Αίσωιτος
927 3648 1123 3736 όναγιόστης
1141 3675 1180 3717 ex
1198 3652 1306 3718 Ptolo-

163 3782 379 3803 -fl--u———n--

233 3878 260 3945 1)
284 3874 350 3931 Ood.
374 3873 447 3930 κατὰ
466 3879 642 3948 Λυσίμαχον,
666 3879 745 3934 cuius
768 3879 830 3934 loco
850 3880 971 3936 conicias
994 3878 1067 3936 κατὰ
1087 3880 1243 3953 Σύμμαχον
1262 3883 1307 3937 vol

160 3951 235 4010 κατίι
251 3956 396 4009 Λυσανίαν
411 3955 446 4009 al.
480 3957 542 4012 Nisi
559 3958 747 4013 alitterarum
766 3960 856 4014 forma
874 3960 956 4015 nimis
974 3962 1093 4031 recedit,
1113 3959 1186 4028 κατὰ
1206 3964 1306 4016 Καλλί-

160 4053 283 4104 στρατον
298 4034 432 4105 soriptum
447 4036 532 4092 fuisse
547 4037 683 4106 suspicer,
698 4056 762 4092 cum
777 4040 811 4092 de
826 4039 962 4095 Heraclea
976 4042 1093 4097 Pontica
1107 4046 1216 4113 agatur.

156 4167 159 4171 .
233 4118 262 4184 2)
280 4115 406 4170 Timonis
420 4117 539 4172 Phliasii
557 4119 647 4174 totam
666 4119 754 4174 vitam
773 4119 807 4173 de
825 4119 943 4174 Philone
959 4121 1058 4190 Byblio
1077 4123 1198 4192 pendere
1217 4122 1305 4190 suspi-

159 4197 240 4251 catus
258 4199 303 4251 est
320 4194 522 4266 Wilemowita,
547 4199 678 4269 Antigon.
698 4216 754 4254 von
769 4199 835 4253 Kar.
854 4218 881 4269 p.
897 4205 929 4253 31
950 4202 1007 4256 not.
1045 4199 1126 4266 Quod
1144 4217 1195 4254 neo
1213 4200 1306 4255 refelli

162 4294 216 4332 nec
238 4275 352 4346 probari
369 4279 471 4346 potest.

233 4359 260 4426 3)
279 4356 451 4425 Magnopere
469 4357 558 4427 igitur
576 4359 679 4414 erravit
696 4357 799 4413 Mdller
819 4360 856 4413 111
875 4377 902 4429 p.
918 4364 949 4413 51
967 4361 1002 4414 al.

232 4440 258 4504 4)
278 4435 319 4492 Cf.
338 4434 425 4490 etiem
445 4436 561 4507 stetten,
581 4439 615 4494 de
635 4456 741 4496 canone
761 4441 802 4494 Al.
818 4459 845 4510 p.
862 4441 948 4495 unct.
989 4482 995 4494 .
