2880 5054
179 314 244 377 194
640 313 855 369 HESYCHIUS.

180 478 250 541 κῶν
272 480 385 559 βιβλία
407 473 455 560 η’,
478 473 657 561 περιόδους
678 473 725 559 β’,
749 474 823 559 περὶ
842 474 962 561 Πάρου
981 469 1026 557 α’,
1049 472 1126 560 περὶ
1144 470 1317 559 Περγάμου

179 580 224 665 α’,
248 582 323 667 περὶ
340 579 502 647 παιάνων.
544 581 594 663 [ἐν
612 579 719 670 τούτῳ
739 581 776 647 δὲ
800 578 1003 667 μνημονεύει
1027 582 1201 666 μουσικῶν
1223 604 1316 647 τινων

178 689 279 754 ἰδεῶν
302 685 440 772 τούτων,
460 684 732 772 αὐτοκαβδάλων,
757 685 969 773 ίθυφάλλων,
993 684 1231 773 φυλλοφόρων.
1268 685 1318 752 καὶ

178 796 213 860 oi
238 794 314 879 με’ν,
348 799 447 880 φησί,
475 798 588 861 κιττοῦ
616 796 784 881 στέφανον
811 792 977 881 ἐφόρουν,
1006 791 1260 879 ὠνομάσθησαν
1285 791 1318 859 δὲ

151 897 320 987 τύστερον
341 906 469 986 ίαμβοι·
488 904 523 967 οί
540 901 577 968 δὲ
596 900 782 987 ἰθύφαλλοι
800 913 994 988 προσωπεῖα
1013 899 1218 986 μεθυόντων
1235 896 1317 985 εἶχον

175 1006 231 1072 καὶ
259 1010 409 1092 χειρῖδας
430 1005 577 1086 άνθινδις
599 1008 653 1074 καὶ
676 1011 801 1094 χιτῶνα
824 1008 919 1095 μέχρι
942 1010 1011 1075 τῶν
1034 1010 1189 1094 σφυρῶν.
1234 1009 1268 1073 ol
1286 1004 1318 1072 ii

177 1113 390 1201 φαλλοφόροι
418 1111 460 1181 ού
489 1115 590 1201 χωρὶς
617 1116 650 1194 ἐξ
679 1111 845 1201 ἑρπύλλου
871 1115 927 1182 καὶ
957 1114 1165 1200 παιδέρωτος
1188 1117 1318 1181 ἔσκεπον

180 1217 238 1298 τὰς
261 1217 368 1306 ὄφεις,
391 1225 490 1312 κιττῷ
513 1221 569 1288 καὶ
593 1228 658 1299 ίοις
681 1219 968 1307 στεφανούμενοι]

266 1346 471 1413 DCOXVIII.
514 1349 694 1430 Σίβυλλα
720 1349 863 1430 Δελφίς,
895 1339 939 1430 ἣν
966 1343 1021 1410 καὶ
1037 1341 1198 1431 ’Ἁρτεμιν
1224 1336 1316 1431 προσ-

142 1478 167 1516 1⁰
180 1447 379 1537 ηγόρευσαν.
424 1453 541 1537 γέγονε
562 1449 599 1517 δὲ
626 1447 709 1535 αὕτη
737 1448 801 1538 πρὸ
825 1454 893 1517 τῶν
920 1453 1095 1538 Τρωικῶν,
1122 1450 1180 1516 καὶ
1204 1454 1316 1536 ἔγραφε

179 1554 349 1641 χρησμούς
372 1556 417 1624 δι’
444 1558 542 1624 ἐπῶν.

268 1681 441 1748 DOOXIX.
480 1686 659 1765 Σίβυλλα
686 1679 894 1761 ’Λπόλλωνος
921 1683 976 1748 καὶ
1000 1686 1149 1767 Λαμίας,
1178 1679 1261 1748 κατὰ
1287 1680 1318 1749 δέ

179 1815 272 1867 τινας
293 1786 564 1875 Ἀριστοκράτους
587 1789 642 1855 καὶ
663 1784 819 1874 ‘redium
850 1784 894 1867 ῶς
918 1787 954 1855 δὲ
978 1786 1074 1854 ἄλλοι
1098 1786 1315 1875 Κριναγόρον,

180 1892 224 1972 ῶς
249 1893 286 1962 δὲ
300 1892 496 1980 Ἕρμιππος,
520 1892 711 1980 Θεοδώρου,
733 1891 918 1981 Ἐρυθραία
940 1892 1029 1980 παρὰ
1053 1892 1091 1962 τὸ
1110 1897 1269 1981 τεχθῆναι
1287 1894 1315 1959 ἐν

141 2029 165 2068 rs
180 2006 289 2091 χωρίῳ
313 2005 382 2067 τῶν
402 1999 590 2087 Ἐρυθρῶν,
615 1994 632 2065 δ
656 1997 921 2085 προσηγορεύετο
946 1996 1080 2083 Βάττοι,
1103 2002 1171 2067 νύν
1190 1998 1227 2067 δὲ
1245 1995 1313 2066 αύτδ

178 2106 216 2174 τὸ
253 2113 379 2194 χωρίον
411 2104 575 2173 πολισθὲυ
596 2104 915 2193 ’προσαγορεύονται
944 2103 1117 2193 Ἐρυθραί.
1173 2104 1258 2185 τινὲς
1285 2101 1314 2171 ii

179 2211 285 2299 αὐτὴν
304 2213 462 2299 Σικελήν,
486 2211 582 2279 ύλλοι
602 2211 813 2298 Σαρδιανήν,
837 2209 933 2279 άλλοι
952 2217 1149 2299 Γεργιθίων,
1173 2210 1265 2280 άλλοι
1284 2208 1312 2277 δὲ

174 2319 323 2407 Ῥοδίαν,
346 2320 438 2388 ἄλλοι
463 2319 500 2386 δὲ
523 2322 715 2404 Λίβυσσαν,
739 2316 833 2385 άλλοι
858 2318 1047 2405 Λευκανόν,
1070 2318 1169 2387 ἄλλοι
1192 2322 1311 2405 Σαμίαν

179 2431 352 2510 ἐδόξασαν.
386 2428 504 2512 γε’γονε
524 2424 561 2492 δὲ
584 2438 653 2503 τοίς
671 2423 806 2511 χρόνοις
828 2428 887 2511 τῆς
909 2430 1057 2512 Τρωικῆς
1075 2423 1230 2505 διλιόσεως
1246 2420 1311 2512 μετά

140 2564 166 2602 ει
180 2542 234 2623 ε”τη
259 2534 338 2623 υπγ’
362 2535 417 2602 καὶ
441 2531 642 2612 συνετάξατο
664 2536 779 2617 βιβλία
803 2535 921 2612 ταῦτα·
949 2531 1025 2620 περὶ
1048 2537 1205 2619 παλμῶν,
1231 2534 1308 2619 μέλη,

179 2644 357 2733 χρησμούς.
396 2642 523 2726 λέγεται
548 2637 585 2705 δὲ
607 2636 663 2704 καὶ
686 2643 853 2723 τρίγωνον
877 2636 967 2718 εἶδος
989 2637 1094 2725 λύρας
1116 2638 1222 2727 αὐτὴν
1238 2635 1309 2723 πρίν

180 2778 240 2836 την
265 2763 386 2833 ευρείν.

181 3012 231 3083 μός
250 3017 321 3083 vulp.
351 3010 453 3082 Δήλιος
467 3030 501 3067 ex
518 3012 606 3082 ipsius
627 3009 728 3064 Suidae
748 3010 841 3078 glossa
860 3029 885 3065 v.
904 3009 1050 3083 Πράμνιος
1070 3011 1149 3075 οἶνος
1165 3012 1209 3081 (ei.
1223 3008 1307 3065 Athen.

180 3094 244 3149 XIV
264 3113 289 3163 p.
306 3096 368 3162 622)
386 3109 455 3148 corr.
476 3092 612 3160 Turpius,
629 3085 735 3152 Ἡλεῖος
751 3089 817 3143 libri
831 3092 860 3144 ei
873 3091 949 3146 Eud.
1005 3094 1157 3163 Δηλιακῶν
1174 3095 1248 3145 ΔΥΕ
1264 3092 1308 3155 Δγ

180 3168 264 3227 λιακά
279 3175 351 3242 vulp.
367 3173 441 3228 Eud.
498 3179 513 3225 2
533 3169 564 3225 ἐν
583 3165 672 3242 τούτῳ
691 3201 723 3209 -
739 3169 803 3224 exii.
823 3169 951 3238 expunxi,
970 3174 1070 3240 utpote
1088 3172 1235 3227 manifesto
1248 3184 1308 3223 eom·

180 3254 270 3323 pilate
289 3271 322 3308 ex
341 3254 441 3308 Athen.
458 3252 521 3306 XIV
536 3269 563 3320 p.
579 3256 639 3316 622,
658 3250 786 3317 quemvis
805 3249 902 3303 eudem
920 3253 1047 3319 praestet
1065 3249 1154 3305 eiiam
1173 3248 1291 3305 Euam

181 3340 196 3386 3
217 3329 420 3407 αότοκαβάλων
440 3333 512 3400 libri,
532 3349 602 3386 eorr.
624 3330 759 3397 Gaisford
820 3333 837 3381 4
856 3331 929 3398 φησί
943 3331 1015 3399 vulp.
1031 3330 1107 3385 Eua.
1127 3332 1201 3400 φασί
1211 3336 1233 3383 V

181 3418 196 3464 ὅ
215 3410 352 3482 πρόσωπα
369 3419 393 3467 Δ
462 3420 476 3467 7
497 3407 530 3465 ού
550 3414 632 3480 χωρίς
653 3443 685 3450 -
706 3409 826 3465 ἔσκεπον
844 3407 953 3464 incuria
970 3427 1022 3465 0111.
1038 3408 1113 3477 Vrii,
1132 3404 1311 3465 θκσοδίοθίσ

183 3490 305 3547 Violario
324 3495 421 3549 addidi
441 3487 610 3559 ἑξερπόλλου
630 3496 652 3543 Δ
671 3490 753 3561 χωρὶς
772 3482 894 3555 ἕρπύλου
914 3492 972 3545 Ali.
988 3489 1064 3544 Eud.
1159 3556 1165 3569 ·

251 3571 605 3626 DCCXVIlI-DCCXXV
630 3572 669 3626 ef.
685 3571 810 3633 Cramer,
830 3568 933 3621 Anecd.
953 3571 965 3624 1
983 3586 1011 3638 p.
1031 3575 1093 3637 332,
1112 3568 1201 3624 sohel.
1218 3566 1312 3621 Pleion·

182 3649 220 3703 VI
233 3668 260 3719 p.
277 3657 328 3706 269
344 3668 401 3721 seq.
431 3652 560 3706 Ceterum
580 3650 614 3704 de
634 3650 748 3720 sibyllis
768 3647 802 3701 ef.
818 3646 924 3715 Maass,
943 3647 977 3702 de
992 3647 1093 3718 Sibyll.
1106 3647 1167 3703 ind.
1181 3652 1313 3717 μύθοισι,

157 3764 159 3769 ·
181 3728 274 3797 Biogr.
290 3749 316 3799 p.
334 3739 383 3785 123
395 3749 460 3799 seq„
476 3732 504 3784 ei
517 3748 590 3799 quae
604 3730 661 3783 dixi
675 3727 775 3784 Λευεὶ.
790 3724 864 3782 Phil.
877 3732 945 3783 1880
959 3747 986 3799 p.
998 3734 1050 3784 106
1060 3745 1118 3798 seq.
1178 3725 1283 3783 unane
1292 3723 1315 3777 ei

184 3808 388 3879 Colophonium
408 3810 532 3866 omisisse
551 3811 704 3865 Eudouiam
723 3828 751 3878 p.
768 3815 818 3864 643
839 3808 896 3863 dixi
910 3810 980 3863 Mus.
996 3808 1084 3863 Rhen.
1104 3807 1208 3862 XXXV
1225 3826 1252 3879 p.
1265 3807 1314 3861 m

252 3898 388 3953 DCCXIX
407 3906 440 3952 12
454 3901 573 3968 Λαμίας,
586 3895 753 3969 Ἐρυθραία,
768 3895 797 3952 οἱ
810 3896 841 3951 δὲ
857 3894 988 3967 Σικελήν,
1003 3892 1083 3951 άλλοι
1096 3892 1264 3965 Σαρδιανὴν
1276 3890 1315 3949 uri

181 3976 260 4033 ἄλλοι
273 3977 362 4042 άλλως
376 3980 452 4035 Eud.
511 3986 542 4034 13
559 3975 665 4041 Ἰδαίας
684 3996 752 4033 corr.
770 3979 883 4046 Maure,
903 3978 968 4047 Syb.
982 3996 1010 4047 p.
1025 3982 1060 4031 28
1078 3979 1137 4031 noi
1154 3984 1198 4047 63,
1211 3972 1317 4041 ‘mire

181 4077 236 4113 non
259 4076 391 4130 graecum
415 4078 476 4115 esse
497 4058 667 4130 perspiciens
738 4063 771 4111 14
794 4058 981 4127 Hermippum
1003 4058 1150 4127 Berytium
1173 4054 1318 4113 asserere

180 4140 287 4193 iudicat
302 4142 408 4196 Μηλίαν
422 4141 462 4194 ΙΙΙ
475 4160 503 4211 p,
514 4147 547 4195 35
562 4142 629 4204 not.¹
649 4137 699 4193 sed
715 4137 830 4191 ubinam
844 4137 892 4192 ille
907 4138 942 4192 de
957 4137 1015 4192 Sib.
1030 4136 1147 4207 dixerii,
1165 4136 1271 4193 nescire
1282 4147 1318 4187 me

180 4221 313 4288 profiteor
369 4226 400 4276 17
414 4216 581 4289 Σαρδιανήν
595 4218 656 4271 sola
665 4218 751 4282 Eud„
765 4217 908 4273 revocavit
923 4216 1009 4273 etiam
1021 4218 1161 4273 Κυελτταε
1174 4234 1209 4273 ex
1221 4214 1318 4271 Aelim.

181 4299 245 4354 Ver.
260 4300 324 4354 hisi.
341 4300 406 4368 XII,
427 4306 460 4354 35
480 4302 510 4354 et
528 4298 615 4353 sehol.
632 4301 678 4352 Ar.
694 4298 768 4352 Aves
784 4305 835 4353 362
855 4300 1001 4369 Σαρδίνην
1016 4304 1039 4350 E
1058 4293 1217 4367 Σαρδῶνην
1234 4300 1255 4349 Β
1273 4289 1319 4365 γάρ

182 4377 271 4449 δάνην
286 4385 321 4447 V3
341 4381 375 4433 de
391 4382 530 4449 Γεργιθία
545 4379 580 4432 cf.
595 4378 691 4446 Steph.
706 4379 770 4446 Byr.
786 4398 811 4433 v.
830 4378 929 4448 Γέργις
943 4380 972 4433 ei
987 4379 1078 4447 Daub‘,
1092 4376 1128 4431 de
1144 4375 1221 4432 Suid.
1235 4394 1262 4447 p.
1275 4376 1319 4429 444

184 4463 216 4509 13
236 4459 334 4526 scripsi
353 4457 467 4514 Suidam
488 4460 611 4527 secutus,
631 4455 700 4526 μετά
722 4454 773 4527 τὴν
795 4455 926 4528 Τρωικὴν
945 4452 1049 4512 ἅλωσιν
1070 4454 1118 4525 ἔτη
1136 4452 1207 4527 ντιγ’
1226 4456 1298 4511 Euri
