2910 5056
211 298 263 354 XX
641 299 925 355 PROLEGOMENA.

213 465 301 528 visus
328 488 413 548 sum,
442 464 527 549 quod
552 465 680 548 saepius
705 463 820 528 Suidas
844 464 1093 548 grammaticam
1117 465 1259 550 glossam
1284 487 1360 530 con-

213 570 297 634 fudit
329 593 401 635 cum
434 570 661 656 biographica,
693 571 744 634 vel
774 571 894 635 addens
928 573 1027 637 verba
1057 568 1183 656 ὄνομα
1216 571 1360 655 κύριον

213 675 267 764 (cf.
284 672 477 757 Ἀππιανός,
498 671 720 761 Ἀρκεσίλαος,
745 672 981 760 Δικαιοηῖνης,
1005 676 1227 762 Κοκκηιανός,
1252 678 1359 743 Μελέ-

213 808 324 870 αγρος,
349 783 530 867 Μέλισσος,
554 787 764 868 Σιμιιλίκιος,
785 781 944 869 Σκάμων,
964 782 1131 869 Σώφιλος,
1153 786 1359 870 Φιλέταιρος,

212 890 399 976 Χαρίτων),
432 893 482 956 vel
515 913 625 955 casum
657 892 799 956 nominis
836 893 1056 977 genetivum
1096 888 1151 977 (cf.
1185 892 1360 976 Δέξιππος,

202 991 349 1079 Ἴστρος,
373 994 469 1060 Λέων
494 999 568 1075 Βυζ.
592 994 653 1081 (1²),
675 992 829 1080 Νύμφις,
853 1001 981 1079 Χίλων,
1002 993 1194 1084 Ἀραρωςῑ),
1219 999 1359 1064 fortasse

212 1103 403 1186 Γενέθλιος,
423 1100 530 1185 Λέων,
551 1100 757 1186 Παλλάδιος,
778 1100 933 1187 Λαχάρης
952 1104 1006 1187 [cf.
1020 1104 1123 1188 Daub‚
1142 1104 1232 1171 stud.
1247 1129 1276 1189 p.
1292 1107 1359 1187 60],

212 1208 382 1295 Χαρίτων)
406 1211 456 1274 vel
477 1210 616 1275 adiciens
636 1210 777 1274 cuiusvis
797 1210 923 1295 generis
944 1211 1120 1292 regulam
1145 1209 1199 1295 (cf.
1216 1206 1360 1299 Ἀρίων),

212 1316 263 1379 vel
282 1317 448 1402 quidpiam
468 1318 506 1382 de
524 1317 655 1382 nomine
675 1316 781 1379 urbis
802 1314 855 1399 (cf.
870 1310 994 1400 Ἱεράν.
1014 1312 1221 1402 Καρδιανός)
1242 1320 1291 1382 vel
1313 1321 1358 1382 in·

212 1445 306 1488 anem
330 1425 472 1509 aliquam
496 1425 655 1502 voculam,
680 1445 761 1507 quae
781 1423 891 1488 deesse
914 1424 942 1486 ei
962 1423 1133 1508 videretur,
1158 1425 1247 1490 velut
1269 1427 1360 1508 έφα-

213 1547 285 1595 σαν
309 1554 338 1595 v.
358 1526 560 1615 Ἰσοκράτης,
590 1527 714 1613 ὄνομα
740 1530 791 1603 vel
820 1525 995 1613 τοῦνομα
1024 1553 1051 1594 v.
1073 1524 1257 1609 Ἰουλιανὸς
1284 1555 1362 1617 παρ.

207 1632 350 1721 Ἱιτιιοκρ.
372 1639 459 1720 Κῶς,
479 1636 654 1721 Πολέμων,
677 1637 753 1702 fort.
769 1631 948 1719 Ἀθήναιος
962 1635 1019 1723 (λ),
1039 1638 1223 1722 Πίνδαρος,
1244 1645 1361 1704 Ποθα-

211 1741 324 1830 γόρας,
345 1735 460 1822 οὗτος
482 1769 511 1809 v.
528 1740 661 1827 Ἰάσων,
686 1744 749 1807 alia
774 1768 803 1807 v.
824 1740 990 1828 Λυγκεύς,
1015 1742 1220 1829 Μεσομήὸης
1244 1743 1297 1830 (cf.
1319 1747 1361 1810 ad

211 1875 240 1915 v.
267 1848 434 1937 Φρύνιχος
456 1876 519 1935 τρ.,
548 1853 747 1934 Τυραννίων
773 1874 831 1933 νε,
857 1848 1067 1937 Φιλάγριος),
1093 1875 1288 1937 quamquam
1319 1856 1361 1919 ab

211 1958 367 2042 Hesychii
386 1982 476 2024 more
495 1959 690 2043 discrepant,
709 1958 759 2022 vel
784 1980 947 2042 exponens
971 1960 1039 2024 eius
1062 1982 1157 2043 quem
1176 1961 1364 2045 perlegerat

211 2065 287 2129 libri
306 2068 476 2131 materiam
496 2063 538 2150 (v.
550 2061 735 2149 Ἰάμβλιχος
754 2066 809 2149 al.;
833 2066 872 2129 cf.
887 2065 969 2131 Mus,
984 2065 1085 2131 Rhen.
1100 2066 1224 2131 XXXV
1239 2090 1270 2151 p.
1286 2069 1364 2153 202,

158 2248 162 2257 Ι
211 2197 241 2257 p.
262 2173 337 2238 204.
359 2172 452 2259 seq),
485 2172 536 2236 vel
569 2173 734 2257 corrigens
766 2173 939 2237 lectionem
968 2174 1124 2239 traditam
1156 2173 1259 2239 altero
1289 2176 1363 2241 loeo

213 2281 297 2344 male
326 2280 503 2363 intellect0‚
535 2281 623 2343 velut
650 2303 679 2342 v.
708 2276 941 2364 Πορφάριος
974 2282 1092 2345 addens
1121 2266 1270 2365 Ἀμελίον
1300 2283 1365 2347 τοῦ

213 2391 246 2451 et
273 2386 443 2471 μαθητοῦ,
472 2407 641 2470 perperam
671 2385 775 2449 relata
802 2386 917 2450 vocula
941 2375 983 2450 οὗ
1006 2387 1039 2451 in
1068 2392 1290 2464 1;Πλωτι”νος
1321 2390 1364 2453 ad

212 2495 389 2576 Amelium‚
412 2515 495 2577 quae
519 2494 630 2575 potius
650 2495 776 2576 spectat
800 2493 840 2556 ad
859 2492 1025 2557 Plotinum
1045 2493 1197 2579 (similem
1218 2518 1363 2561 errorem

212 2601 411 2666 admiserunt
434 2598 509 2664 Luc.
533 2598 724 2663 Holstenius
750 2599 788 2662 de
811 2600 868 2663 vit.
891 2599 1050 2683 Porphyr.
1070 2622 1095 2666 c.
1119 2600 1166 2665 VI
1191 2604 1223 2665 et
1247 2607 1364 2667 Kuste-

212 2708 290 2792 rus).
337 2707 393 2771 Bis
421 2707 488 2771 iam
517 2708 681 2770 erraverat
709 2707 743 2769 in
776 2707 884 2791 glossa
918 2729 945 2772 v.
973 2702 1161 2791 Ἀμέλιος,
1194 2731 1290 2793 quam
1324 2733 1365 2774 ex

211 2814 395 2898 Porphyrio
419 2815 534 2877 misere
563 2813 787 2879 conformavit.
833 2813 903 2889 Quo
933 2813 1061 2897 saepius
1087 2814 1298 2900 factumest,
1326 2820 1365 2880 ut

212 2922 424 3006 biographica
456 2920 567 3004 glossa
598 2919 735 3002 posthac
770 2942 903 3002 prorsus
936 2922 1103 2986 evanuerit
1136 2921 1191 3008 (cf.
1212 2916 1364 3005 Ἀκύλας,

209 3023 392 3112 Ἀμειψίας,
431 3021 615 3108 Ἀναξίλας,
648 3020 846 3110 ’Ἀντνλλος,
886 3021 1110 3111 Ἀρκεσίλαος,
1148 3025 1366 3117 Δωσιάὸηςῗ)

214 3138 403 3218 Δωσίθεος,
438 3129 613 3216 Εάγαίων,
637 3132 847 3216 Μελέαγρος,
864 3127 1053 3219 Ὀνήσιμος,
1078 3131 1268 3212 Οὐλπιανὸς
1288 3139 1365 3215 fag.

213 3238 460 3327 Ecpuliuc09⁸)‚
482 3238 645 3324 Σκάμων,
668 3236 888 3324 Τονσκιανός,
910 3243 1062 3325 Χαρίτων
1084 3242 1178 3323 [Eud.
1198 3267 1227 3308 v.
1248 3239 1367 3326 Δαμό-

214 3349 331 3431 ξενος)
377 3348 549 3414 Librorum
574 3348 671 3412 etiam
695 3348 841 3412 tabulam
866 3349 997 3413 omnino
1018 3349 1193 3414 desiderari
1218 3350 1268 3414 vel
1292 3372 1363 3414 mu-

214 3570 364 3624 eonflatam
389 3587 448 3624 esse
475 3585 610 3623 censeam.
655 3568 738 3622 Cuius
766 3570 873 3638 partem
898 3569 1022 3639 aliquam
1045 3571 1130 3625 verbo
1155 3571 1237 3624 tenus
1261 3568 1367 3624 Suidac

213 3649 364 3704 adhaerere
384 3650 456 3704 vidit
474 3649 560 3705 etiam
579 3648 710 3715 Ausfeld,
730 3649 765 3703 de
785 3648 904 3744 Oppian
923 3667 949 3717 p.
967 3654 1000 3702 10
1020 3647 1105 3718 (Lips.
1124 3650 1211 3717 1876).

286 3734 311 3799 1)
330 3731 446 3800 Legitur
460 3729 534 3784 enim
547 3730 577 3783 in
591 3729 705 3800 optimis
720 3724 819 3783 libris'
814 3725 928 3797 Αραρώς
942 3728 990 3782 καὶ
1005 3731 1130 3783 κλίνεται
1141 3723 1252 3796 Ἀραρώ,
1268 3746 1367 3827 ωσπερ

284 3892 311 3958 2)
332 3889 420 3955 Quam
436 3890 569 3960 ambigua
584 3891 621 3944 sit
635 3852 697 3944 coia
710 3890 780 3942 haec
795 3889 932 3957 quaestio,
948 3906 991 3944 me
1009 3906 1065 3943 non
1080 3887 1162 3958 fugit.
1185 3888 1364 3958 Quamquam

213 3969 259 4024 hic
278 3986 388 4040 quoque
407 3971 504 4041 negari
522 3970 632 4040 nequit,
652 3968 789 4023 eiusmodi
808 3970 915 4039 glossas
935 3969 1050 4024 mutilas
1069 3970 1190 4024 vitarum
1209 3985 1292 4039 posse
1307 3969 1363 4023 He·

213 4051 408 4120 sychianarum
431 4051 550 4106 frustula
579 4067 651 4116 esse;
679 4050 774 4117 itaque
801 4050 902 4104 addere
932 4067 1015 4118 quam
1045 4045 1174 4103 omittere
1202 4048 1298 4102 malui.
1328 4081 1362 4087 -

211 4130 361 4186 Praeterea
380 4135 473 4186 autem
494 4147 603 4199 monce,
622 4146 656 4183 ex
670 4129 708 4198 gl.
725 4123 862 4196 Ἰσίδωρος
881 4125 1114 4200 πρεσβύτερος
1132 4128 1202 4182 duos
1217 4129 1363 4196 cognomi-

212 4214 293 4265 natos
313 4212 349 4266 ab
368 4212 507 4282 Hesychio
527 4209 680 4279 descriptos
700 4208 784 4263 fuisse
809 4209 894 4274 effici,
919 4227 1036 4279 quorum
1061 4210 1181 4263 alterum
1204 4209 1365 4278 neglexerit

213 4291 324 4357 suidas,
343 4292 373 4345 id
391 4292 466 4361 quod
485 4290 646 4359 saepissime
665 4288 771 4342 iactum
791 4306 850 4344 esse
868 4290 949 4358 patet
967 4288 1012 4357 (cf.
1032 4288 1069 4342 ad
1087 4308 1113 4343 v.
1133 4286 1289 4356 Μνασέας).

284 4376 311 4441 3)
331 4371 385 4425 Ubi
404 4389 437 4425 ex
455 4370 550 4441 glossa
562 4367 747 4438 biographica
766 4371 915 4438 supersunt
932 4370 1017 4424 verba
1037 4366 1078 4440 [ὁ]
1099 4366 1269 4439 φιλόσοφος,
1288 4387 1363 4438 quae

212 4452 339 4521 plerique
358 4450 528 4506 deleverunt.
