2880 5054
183 325 246 390 106
644 322 856 380 HESYOHsUS.

182 487 236 554 καί
267 484 373 572 άλλην
400 490 522 572 βίβλον
551 483 634 553 κατά
662 489 779 552 πασῶν
806 489 873 552 τῶν
899 485 1076 571 αἱρέσεων,
1104 475 1144 570 ἧς
1167 484 1319 572 μέμνηται

182 594 218 660 ἐν
242 595 287 684 τῷ
312 589 554 684 άπολογητικῶ,
578 588 619 660 δν
643 593 807 660 ἐπέδωκεν
828 589 1016 681 Ἀντωνίνφ
1039 595 1085 682 τῷ
1110 597 1196 682 Πίφ.
1233 584 1319 672 οῦιος

181 702 218 767 ἐν
236 702 276 788 τῇ
290 696 398 788 Ῥῶμη
419 704 503 786 έχων
522 696 580 779 τάς
599 699 781 786 διατριβάς,
807 697 965 767 εὐθύνων
985 703 1139 785 Κρίσκην
1159 697 1220 768 τὸν
1238 727 1318 769 κυνι-

180 805 241 874 κὸν
274 804 334 874 τὸν
366 806 448 873 κατά
480 810 548 873 τῶν
580 811 781 894 χριστιανῶν
813 808 1093 893 βλασφημοῦντα,
1130 807 1187 874 καί
1218 810 1318 875 καλῶν

155 910 288 981 ταῦτον
311 918 496 1001 λαίμαργον
520 912 654 982 άσωτόν
675 940 710 981 τε
732 914 787 980 καί
810 910 996 980 ἀκόλαστον
1019 912 1075 980 καί
1096 911 1158 982 τὸν
1177 913 1317 983 θάνατον

181 1018 410 1106 φοβούμενον,
433 1022 525 1100 τέλος
548 1025 587 1110 τῇ
611 1020 734 1089 τοῦτον
758 1023 906 1110 ἐνεργείᾳ
928 1020 983 1087 καλ
1007 1021 1169 1110 ἐπιβουλῇ
1193 1019 1240 1101 ῶς
1260 1048 1317 1110 χρι

181 1125 317 1206 στιανδς
340 1124 423 1210 ῦπέρ
447 1132 594 1215 Χριστοῦ
618 1133 766 1212 ἔπαθεν]
1186 1214 1188 1219 ¹

187 1245 190 1250 ¹
270 1253 467 1321 OOOXOIV.
493 1250 680 1336 [Ἰοῦστος
703 1250 872 1339 Τιβεριεὺς
891 1253 1047 1339 ἐπαρχίας
1066 1257 1257 1339 Γαλιλαίας,
1274 1253 1316 1319 ἐπ·

181 1366 329 1447 εχείρησε
365 1359 425 1445 μέν
453 1358 509 1425 καὶ
538 1356 637 1438 αὐτὸς
666 1355 855 1443 Ἰουδαίκὴν
885 1360 1037 1443 ίστορίαν
1070 1358 1246 1444 συντάξαι,
1270 1362 1318 1425 καί

142 1495 168 1534 10
181 1492 258 1534 τινα
277 1463 499 1552 ὑπομνήματα
517 1465 592 1552 περὶ
611 1469 763 1551 γραφῶν·
788 1461 872 1532 άλλά
890 1468 1012 1532 τοῦτον
1027 1462 1188 1552 Ἰῶσηπος
1206 1466 1312 1552 ἐλέγχει

180 1571 403 1658 ψευσάμενον.
447 1572 502 1638 καὶ
529 1569 593 1657 γάρ
624 1572 660 1637 ἐν
689 1572 803 1662 ἐκείνω
831 1574 876 1662 τῷ
906 1573 1009 1662 καιρῷ
1035 1573 1248 1662 συνέγραφεν
1268 1569 1310 1640 δτι

179 1681 234 1748 καλ
254 1677 435 1765 Ἰῶσηπος].

269 1806 447 1874 OOOXGV.
497 1801 525 1870 Ἰ
529 1806 636 1890 οφῶν
674 1801 851 1889 Ἀθηναῖος
891 1804 1061 1889 τραγικός,
1098 1803 1174 1885 υίὸς
1214 1813 1307 1891 Σοφο-

179 1915 296 1993 κλέους
324 1915 384 1980 τοῦ
409 1912 584 1996 τραγικοῦ,
612 1909 750 1997 γνήσιος
777 1906 842 1977 άπδ
868 1909 1111 1996 Νικοστράτης·
1144 1911 1256 1998 γέγονε
1278 1907 1306 1976 δέ

140 2044 166 2085 15
181 2017 269 2111 αὐτῶ
307 2020 362 2086 καὶ
395 2020 501 2097 νόθος
534 2016 607 2096 υίὸς
636 2016 795 2103 Ἀρίστων
829 2014 892 2084 άπὸ
927 2022 1096 2105 Θεωρίδος
1128 2022 1304 2095 Σικυωνίας.

182 2126 334 2215 δράματα
357 2124 395 2193 δὲ
416 2123 538 2211 Ἰοφῶν
561 2127 691 2205 ἐδίδαξε
714 2123 760 2208 ν’,
785 2115 832 2192 ῶν
857 2125 947 2192 ἐστιν
964 2120 1142 2211 Ἀχιλλεύς,
1169 2124 1303 2213 Τήλεφος,

177 2231 348 2317 Ἀκταίων,
369 2229 472 2299 Ἰλίου
490 2233 614 2318 πέρσις,
635 2231 836 2319 Δεξαμενός,
858 2231 984 2317 Βάκχαι
1004 2227 1067 2319 <ῦχ>
1082 2231 1244 2316 Πενθεύς,
1262 2226 1303 2296 καί

179 2338 266 2409 άλλα
290 2337 366 2407 τινὰ
390 2337 469 2426 μετὰ
491 2344 551 2407 τοῦ
575 2338 698 2425 πατρὸς
721 2341 946 2426 Σοφοκλέους.

272 2466 467 2533 OOOXOVI.
504 2460 709 2550 Ἱππαρχία
737 2460 865 2550 άδελφὴ
891 2463 1130 2549 Μητροκλέους
1152 2467 1212 2532 τοῦ
1232 2487 1301 2531 κυνι-

140 2576 257 2659 ronna,
278 2580 523 2659 Μαρωνείας,
556 2570 743 2657 φιλόσοφος
775 2572 909 2656 κυνική,
942 2568 1029 2656 γυνη
1063 2570 1232 2659 Κράτητος
1257 2567 1317 2636 τοῦ.
1348 2638 1351 2645 ,

179 2682 335 2765 κυνικοῦ,
360 2674 396 2757 ῦς
419 2670 461 2765 ἦν
486 2684 647 2765 Θηβαῖος,
672 2676 855 2764 Βρύσωνος
877 2675 1029 2764 μαθητὴς
1051 2680 1114 2745 τοῦ
1134 2668 1301 2765 Ἆχαιοῦ,ἢ

180 2785 224 2867 ῶς
237 2813 326 2866 τινες
341 2787 535 2873 Διογένους.
564 2784 706 2874 ἤκμαζεν
726 2786 777 2852 ἐπὶ
796 2788 854 2872 τῆς
875 2783 945 2874 ρια’
961 2783 1175 2872 ὀλυμπιάδος.
1203 2790 1302 2872 έγραίιε

253 3097 405 3153 ΟΟΟΧΟΝ
430 3097 471 3153 Of.
491 3097 588 3168 steph.
607 3100 671 3168 Byz.
690 3117 716 3153 v.
739 3093 877 3168 Τιβεριάς.
919 3098 963 3153 Ab
986 3097 1128 3168 Hesychio
1150 3098 1264 3153 alienam
1283 3091 1305 3147 ai

180 3179 217 3232 ab
237 3177 323 3233 Suida
346 3195 380 3232 ex
403 3178 538 3248 Sophron.
561 3196 583 3232 ο.
605 3184 638 3232 14
661 3178 831 3247 adscriptam
856 3194 914 3232 esse
937 3177 1027 3233 visum
1051 3181 1096 3234 εελ
1112 3179 1233 3247 Bomio,
1250 3174 1306 3231 λίω.

180 3257 401 3394 χίῖλχεεῐχχνῖἔζΧΝ
419 3265 446 3326 p.
463 3262 514 3311 564
532 3257 621 3312 nom
678 3263 710 3311 10
728 3256 796 3327 περὶΙ
811 3255 934 3326 γράφειν
951 3258 1029 3327 libri,
1049 3275 1084 3312 ex
1102 3259 1236 3348 Sophrpn
1253 3270 1308 3312 aon.

251 3425 391 3482 CCCXCV
408 3427 483 3481 Eua.
499 3446 524 3496 p.
540 3432 599 3480 404.
626 3426 666 3480 Cf.
681 3445 706 3480 v.
718 3427 863 3495 Κλεοφῶν.
883 3428 1020 3484 'Praetaui
1029 3428 1168 3496 Weidner,
1184 3428 1230 3485 Gr.
1240 3428 1309 3495 ing.

180 3527 207 3577 p.
227 3513 287 3572 975,
306 3506 478 3574 Volkmann,
498 3508 531 3561 de
552 3507 627 3562 Suid.
648 3506 735 3575 biogr.
751 3510 842 3576 (1861)
861 3526 888 3576 p.
904 3514 938 3563 33
948 3526 1004 3577 seq.
1061 3514 1095 3562 14
1113 3504 1312 3581 τραγῳδοποιοῦ

180 3588 256 3643 End.
276 3589 499 3656 τραγῳδιοποιοῦ
517 3590 589 3656 vulp.
609 3588 743 3657 τραγικοῦ
761 3592 812 3639 AV
883 3583 941 3642 άπὸ
961 3592 1027 3645 Νικ.
1045 3620 1077 3629 -
1091 3590 1253 3652 Σικυωνίας
1268 3604 1313 3643 orn

180 3667 256 3721 Ενδ.
346 3672 379 3721 15
399 3669 540 3732 Θεωρίδος
559 3685 627 3722 corr.
646 3667 752 3721 Ροτεοκ
770 3669 903 3735 θεορίδος
921 3674 944 3721 V
962 3665 1138 3739 θεοδῶριδος
1155 3672 1229 3740 vulp.
1248 3671 1315 3725 Θειι

181 3744 308 3814 δῶραςΕ
382 3753 414 3802 16
435 3742 546 3812 ἐδίδαξε
567 3745 696 3816 δράματα
717 3752 773 3800 ald.
794 3747 869 3800 Eud.
889 3743 1038 3817 γράμματα
1053 3751 1129 3800 m
1196 3754 1229 3804 17
1244 3745 1316 3803 Ἰλίου

180 3825 277 3895 πέρσις
296 3844 363 3881 corr.
383 3827 532 3894 Ιίιιείικκε,
550 3823 632 3890 Ἴλιος
656 3823 689 3881 οῦ
708 3829 805 3896 περσίς
823 3832 897 3880 BVE
917 3829 1000 3895 ἴλιος,
1023 3829 1120 3894 περσίς
1138 3832 1161 3881 Δ
1179 3829 1229 3884 ral.
1249 3826 1316 3883 Ετιδ.

179 3902 196 3976 ἢ
217 3911 282 3978 post
300 3903 408 3975 Βάκχαι
425 3908 488 3961 add.
503 3907 675 3963 Valckenaer.
695 3908 776 3962 diair.
792 3907 856 3961 Eur.
870 3926 896 3976 p.
910 3914 942 3962 16
958 3925 1012 3962 orn.
1031 3907 1097 3962 libri
1111 3906 1191 3963 said.
1207 3909 1238 3962 ei
1249 3907 1318 3961 Ειιά

181 3995 214 4043 18
234 3985 303 4057 μετὰ
323 3989 372 4042 τοῦ
391 4005 460 4043 corr.
477 3989 585 4044 Ροτεονι
597 3989 626 4042 in
641 3988 724 4044 Arist.
742 4007 768 4058 p.
785 3992 818 4041 58
837 3985 899 4040 τινά
919 3983 1015 4042 καὶτὰ
1032 3987 1082 4041 τοῦ
1097 3986 1234 4054 Gaiasord
1250 3980 1317 4042 mci

179 4069 229 4122 τοῦ
248 4071 349 4120 AVBE
374 4064 457 4137 (κατά
482 4072 511 4121 et
534 4064 603 4133 parri
629 4069 738 4138 saepius
758 4067 860 4123 mutari
885 4068 1006 4136 constat)
1030 4066 1080 4122 τοῦ
1104 4067 1177 4136 vulp.
1202 4066 1252 4122 τοῦ
1270 4083 1319 4121 om.

179 4144 386 4216 praepositione
406 4144 491 4200 eiiam
511 4147 586 4200 Ειιά.

251 4233 405 4289 cccxcvi
424 4251 477 4288 om.
494 4234 629 4289 Westerm.
645 4236 720 4292 Εκιλ.
735 4256 761 4306 p.
778 4243 837 4292 397.
872 4235 911 4290 Of.
926 4234 1008 4304 Diog.
1024 4234 1085 4303 VII,
1096 4241 1131 4291 96
1181 4242 1217 4291 20
1234 4230 1322 4306 Στρέ-

179 4319 294 4384 τητοςΒ
310 4319 367 4368 Ald.
383 4314 457 4368 End.
513 4321 546 4368 21
560 4310 706 4384 Ἀδηναῐος
724 4334 774 4387 pro
792 4319 915 4387 Θηβαῖος
933 4317 1005 4384 vulp.
1016 4315 1092 4370 End.
1112 4313 1261 4381 Βοῦσωνος
1276 4322 1321 4371 n

180 4402 213 4448 22
229 4392 402 4463 ἥκμαζεν·-
420 4392 485 4448 exii.
501 4411 554 4449 om.
565 4395 650 4462 Εαδ,
666 4392 730 4466 ἥκμ.
747 4427 780 4436 -
796 4391 896 4466 όλυμπ.
911 4413 946 4450 ex
959 4396 1013 4450 fine
1027 4396 1077 4452 vii.
1097 4396 1152 4452 hue
1165 4394 1324 4469 transposui

180 4470 307 4543 ἤκμασεν
325 4475 397 4546 vulp.
417 4469 542 4545 ἤκμαζεν
561 4480 634 4528 ΔΒΕ
