2880 5054
175 304 238 370 134
635 299 849 355 HESYCHIUS.

169 466 298 547 ἐδίδαξε
317 469 493 555 κωμῳδίας
513 462 565 547 θ’,
589 468 685 540 νίκας
703 461 741 528 δὲ
759 456 826 529 εἷλε
845 461 893 548 β’·
913 453 1026 545 [οὗτος
1044 462 1191 549 άρχαίας
1207 489 1316 554 κωμρν

173 578 247 653 δίας
263 570 412 658 ποιητής,
432 567 486 649 εδς
504 577 640 637 πλεῖστα
659 572 770 658 χορῶν
789 572 858 637 των
877 566 1070 638 ἀντιπάλων
1090 574 1188 657 νίκης
1206 575 1317 658 ἔστησε

173 679 329 766 τρόπαια,
358 677 465 757 πάσας
490 679 528 745 δ’
552 673 634 763 ὑμῖν
658 673 775 763 φωνὰς
798 675 859 756 ίείς
881 678 937 744 καὶ
961 675 1101 758 ψάλλων
1125 678 1183 746 καὶ
1205 702 1317 766 πτερυ-

174 792 272 874 γίζων
301 785 356 853 καί
383 787 526 865 λυδίζων
550 782 605 850 καὶ
628 788 778 869 ψηνίζων
801 784 856 850 καί
880 783 1090 871 βαπτόμενος
1113 790 1319 873 βατραχείοις

146 893 237 963 οούκ
261 888 557 989 ἐξήρκεσεν,ιίλλὰ
581 894 745 958 τελευτῶν
770 890 822 957 ἐπὶ
844 889 970 978 γήρως,
993 889 1035 959 οὐ
1058 889 1122 979 γάρ
1148 887 1203 978 ἐφ’
1228 890 1318 980 ήβης,

175 998 337 1087 ἐξεβλήθη
357 996 543 1084 πρεσβύτης
562 996 621 1083 div,
641 995 692 1065 ὅτι
711 1002 773 1065 τοῦ
792 996 956 1066 σκώπτειν
975 996 1194 1087 άπελείφθη’.
1226 1000 1278 1080 ψά
1285 1008 1319 1067 λ-

174 1115 252 1174 λων
281 1104 318 1173 δέ
340 1103 420 1185 τοὺς
443 1102 675 1191 Βαρβιτιστάς·
705 1106 816 1191 δρᾶμα
839 1105 879 1171 δέ
900 1105 969 1171 ἐστι
991 1107 1052 1171 τοῦ
1076 1106 1275 1193 Μάγνητος,
1300 1104 1318 1193 ή

176 1213 214 1281 δὲ
237 1212 395 1299 βάρβιτος
423 1210 513 1292 εἶδος
541 1210 690 1301 ὀργάνου
717 1215 891 1298 μουσικοῦ.
936 1218 1190 1300 πτερυγίζων
1214 1214 1253 1283 δὲ
1274 1212 1318 1283 ὅτι

175 1318 403 1403 καὶὍρυιθας
422 1321 555 1406 ἐποίησε
575 1321 708 1405 δρᾶμα]
745 1323 867 1403 ἔγραψε
887 1317 924 1386 δὲ
943 1318 998 1385 καί
1018 1318 1156 1400 Λυδοὺς
1174 1321 1231 1388 καὶ
1254 1325 1315 1407 Ψή-

138 1449 162 1488 ιι
177 1454 238 1505 νας
260 1427 315 1493 καὶ
334 1424 537 1512 Βατράχους.
575 1430 657 1508 [ἔστι
681 1424 718 1492 δὲ
742 1423 915 1511 χροίματος
937 1422 1027 1506 είδος
1049 1424 1087 1494 τὸ
1111 1427 1317 1516 βατράχειον·

177 1532 242 1602 άπὸ
265 1533 465 1601 τούτουκαὶ
489 1532 646 1619 βατραχίς
669 1531 811 1618 ίμάτιου.
844 1534 996 1619 ἐχρίοντο
1016 1533 1054 1602 δὲ
1071 1539 1119 1628 τῷ
1139 1540 1317 1627 βατραχείρ

176 1643 216 1711 τά
239 1643 414 1727 πρόσωπα,
437 1640 518 1727 πρὶν
537 1641 762 1726 ἐπινοηθῆναι
784 1637 825 1705 τά
848 1646 1063 1729 προσωπεῖα]

268 1757 524 1826 OOOOXOVJH.
556 1761 698 1842 Μαΐωρ
719 1751 872 1842 Ἀράβιος
896 1755 1065 1843 σοφιστής.
1105 1763 1229 1845 ἔγραψε
1252 1758 1316 1847 περὶ

177 1866 327 1935 στάσεων
354 1869 467 1950 βιβλία
496 1862 552 1949 ιγ’.
598 1862 815 1951 συνεχρόνισε
849 1862 885 1930 δέ
916 1861 1034 1953 Ἀψίνη
1064 1866 1121 1983 καὶ
1152 1864 1315 1955 Νικαγόρρ

139 1996 164 2034 1⁵
179 1974 230 2042 ἐπὶ
257 1977 425 2040 Φιλίππου
448 1973 508 2038 τοῦ
533 1975 705 2056 Καίσαρος
727 1970 783 2036 καὶ
806 1969 928 2038 ἐπάνω.

269 2079 492 2147 OOCOXOIX.
540 2074 725 2163 Μάλχος
756 2075 937 2156 Βυζάντιος
960 2077 1131 2165 σοφιστής.
1183 2085 1313 2167 ἔγραψεν

181 2192 332 2274 ἱστορίαν
364 2183 429 2252 άπὸ
464 2188 523 2270 τῆς
554 2188 723 2268 βασιλείας
756 2188 1020 2251 Κωνσταντίνου
1052 2184 1109 2251 καὶ
1145 2186 1207 2266 ἕως
1235 2183 1312 2253 Ἀνα-

181 2299 334 2378 στασίου,
369 2293 404 2358 ἐν
434 2282 455 2378 ή
487 2287 527 2358 τά
559 2287 641 2356 κατά
677 2287 821 2375 Ζήνωνα
853 2290 909 2356 καί
941 2296 1148 2360 Βασιλίσκον
1180 2292 1234 2360 καὶ
1262 2291 1311 2360 τὸν

181 2399 374 2490 ἐμπρησμὸν
405 2402 464 2483 τῆς
494 2401 654 2483 δημοσίας
688 2395 908 2484 βιβλιοθήκης
939 2398 995 2464 καὶ
1028 2402 1097 2465 τῶν
1128 2398 1310 2487 ἀγαλμάτων

141 2529 167 2566 2⁰
182 2514 242 2578 τοῦ
272 2505 507 2595 Αὐγουσταίου
540 2503 596 2570 καὶ
624 2501 708 2569 ἄλλα
735 2499 810 2570 τινά
840 2503 1055 2590 διεξέρχεται,
1084 2503 1173 2592 μάλα
1200 2508 1310 2593 σεμνοῖς

181 2617 235 2685 καί
259 2618 446 2707 τραγῳδίας
465 2616 564 2698 δίκην
588 2607 795 2697 άποθρηνάν
819 2607 913 2678 αὐτά.

270 2737 309 2800 Ι).
347 2729 589 2816 Μάναιχμος
608 2723 922 2814 Ἀλωπεκοννήσιος,
943 2725 1027 2795 κατὰ
1049 2728 1091 2796 δέ
1110 2756 1204 2809 τινας
1224 2736 1308 2815 Πρω

255 2925 409 2997 λαρχαιας
423 2926 572 2997 κωμιιδιας
585 2942 702 2992 ποιητης
717 2923 783 2976 ante
799 2917 869 2976 ἐδιδ.
884 2922 959 2978 Eud.
962 2924 1085 2992 quod
1075 2943 1106 2979 m
1120 2924 1221 2981 Smdao
1234 2940 1308 2980 exem

182 3008 307 3079 flatibus
325 3002 472 3076 peiperam
486 3005 559 3058 infra
575 3004 679 3073 legitur
734 2994 869 3064 οὖτος-
888 3002 982 3074 δρᾶμα
1001 3021 1055 3061 om
1071 3006 1162 3075 Eud„
1180 3004 1308 3061 inseruisse

184 3088 298 3144 suidam
313 3105 346 3141 ex
361 3086 446 3140 schol.
457 3084 504 3139 Ar.
516 3085 584 3153 δην.
597 3088 647 3137 618
663 3083 797 3137 dixiMus.
808 3082 896 3137 Rhen.
907 3083 925 3135 l.
937 3100 959 3138 c.
1016 3090 1031 3138 9
1047 3084 1088 3138 ef
1100 3048 1231 3143 θοίδοιε
1239 3078 1312 3139 λνλιί

184 3173 213 3225 ολ
232 3170 402 3237 πτερυγίζων
474 3172 508 3219 10
527 3160 695 3234 βατράχειον
709 3166 732 3213 A
751 3159 903 3233 βατράχιον
921 3165 993 3233 ναίγ.
1012 3167 1078 3234 post
1092 3162 1247 3237 βατράχους
1262 3178 1310 3235 μοι·

183 3250 311 3322 g1t13ud
330 3240 502 3308 ποικίλαςδ’
516 3242 640 3314 ἐμιμεῖτο
656 3238 753 3311 φωνάς
768 3261 849 3304 ουτος
863 3244 948 3311 (quod
963 3261 1016 3298 om.
1032 3244 1160 3314 δαίδας),
1175 3245 1310 3301 efiUntem

184 3337 268 3401 p..43
297 3325 467 3399 ὁμοίωςκαλ
486 3325 733 3415 γαλεομυομαχίαν
753 3326 834 3390 (quae
857 3340 1023 3378 τοιουτου]
1044 3324 1167 3395 Suidas).
1204 3326 1240 3381 Et
1255 3325 1311 3379 ham

186 3408 360 3464 comoediam
383 3424 401 3461 a
418 3404 590 3474 ΜεριιοίὶεΙ
583 3404 695 3474 mgenio
720 3402 840 3456 alienam
864 3421 924 3458 esse
949 3404 1044 3460 docuit
1062 3406 1192 3462 Meineke
1209 3408 1223 3461 1
1240 3424 1266 3475 χι.
1281 3406 1313 3468 ab,

186 3490 222 3543 ad
240 3486 379 3542 Theodori
396 3484 541 3538 Prodromi
561 3482 663 3550 (medio
683 3498 754 3536 saec.
774 3482 825 3534 XII
844 3484 975 3554 viventis)
994 3488 1101 3540 temere
1116 3486 1229 3542 rettulit
1241 3482 1314 3549 θεολ),

186 3570 220 3622 <le
234 3566 308 3621 Viol.
327 3584 353 3634 p.
369 3572 385 3619 8
459 3561 517 3617 ἐστι
536 3559 567 3616 δὲ
588 3593 622 3602 -
641 3563 706 3616 exit.
732 3562 872 3631 Hesychio
896 3564 963 3619 dare
982 3564 1124 3633 dubitavi3
1147 3565 1238 3622 eidem
1255 3564 1316 3621 οεῐλσ

97 3673 102 3681 ·
186 3646 272 3701 schol.
291 3645 337 3699 Ar.
357 3645 492 3698 debentur

197 3782 200 3787 .
259 3732 460 3789 CCCCXCVIII
479 3734 554 3789 Εαιί.
570 3752 596 3802 p.
608 3737 668 3786 495.
691 3733 731 3787 Of.
748 3753 773 3788 v.
786 3727 896 3801 ’Λαρίνης
912 3729 1067 3802 Γαδαρεύς.
1088 3735 1131 3790 De
1146 3751 1180 3791 θο
1194 3755 1219 3793 v.
1229 3734 1316 3790 Μῆδοι

190 3816 227 3869 ΙΙΙ
245 3833 272 3884 p.
292 3820 356 3881 6623
376 3813 471 3881 Daub,
492 3812 569 3867 stud.
589 3831 615 3881 p.
636 3816 669 3866 65
762 3819 794 3865 13
812 3807 951 3886 Ἀρράβιος
969 3819 1018 3866 BV
1111 3820 1144 3870 14
1168 3811 1318 3879 ττάσεωςῖ

190 3912 307 3964 sequens
326 3891 357 3948 δὲ
378 3911 431 3948 om.
451 3894 527 3948 Eud.
1140 3922 1144 3929 ·

258 3973 433 4031 CCCCXCIX
452 3974 527 4027 Εαιλ.
547 3993 574 4043 p.
590 3980 650 4028 466.
684 3975 819 4029 Τιοολοολ
838 3975 940 4028 Μϋλλοε
958 3974 998 4029 IV
1012 3994 1037 4045 p.
1056 3981 1120 4043 1113
1140 3975 1234 4047 Daub,
1253 3974 1321 4032 stud.

187 4078 213 4127 p.
233 4064 266 4113 66
341 4063 373 4110 16
393 4051 570 4120 Βυζαντιακά
590 4055 618 4107 in
638 4057 746 4124 septem
765 4055 843 4109 libris
862 4055 961 4110 laudat
978 4057 1059 4112 Phot.
1079 4057 1140 4111 οοδ.
1156 4063 1199 4126 78,
1217 4058 1253 4113 de
1270 4055 1321 4127 qui·

187 4139 239 4192 bus
259 4157 284 4192 v.
301 4137 381 4191 Daub
397 4136 413 4189 l.
429 4155 452 4189 ο.
527 4142 560 4190 17
579 4135 627 4189 καί
647 4153 701 4189 om.
721 4136 810 4200 Ειιιί.;
830 4135 864 4190 de
884 4153 916 4190 eo
937 4135 970 4190 cf.
990 4136 1085 4205 Daub,
1105 4136 1184 4195 stud.
1203 4156 1230 4208 p.
1244 4144 1278 4193 25

190 4226 222 4271 18
248 4213 278 4271 ἐν
302 4208 319 4288 ή
341 4248 372 4256 -
393 4216 457 4270 exit.
483 4215 595 4269 lectoris
618 4216 735 4268 alicuius
758 4232 843 4269 manu
866 4216 962 4271 addita
986 4215 1116 4271 videntur
1193 4222 1226 4273 19
1249 4220 1324 4289 δηρο

189 4298 249 4359 σίας
269 4303 362 4351 οιω.Ε

260 4378 378 4432 ΒΕιαί.
402 4395 429 4446 p.
450 4382 502 4430 494
580 4382 612 4429 22
637 4371 806 4446 Μάναιχμος
824 4380 898 4427 ABE
918 4380 976 4429 Ala.
996 4375 1072 4431 Eud.
1098 4372 1254 4447 Μάνεχμος
1274 4376 1327 4445 πολ,

190 4454 354 4525 Μέναιχμος
377 4473 445 4510 corr.
472 4456 590 4522 Μιλίίον,
615 4455 716 4526 Seript.
734 4458 812 4511 Alex.
832 4475 857 4525 p.
880 4462 929 4510 145
1024 4450 1097 4510 κατά
1120 4453 1153 4511 δὲ
1177 4486 1210 4499 -·
1233 4460 1326 4529 ΠΜ.
