2910 5056
582 313 865 371 PROLEGOMENA.
1223 314 1296 371 LXV

240 479 334 556 Quod
358 480 386 544 si
405 483 491 544 reete
510 479 604 543 nobis
625 478 880 542 demonstratum
905 482 967 562 est,
991 479 1104 544 iisdem
1129 501 1296 564 argumen-

146 587 191 651 tis
220 587 300 651 alias
331 609 457 671 quoque
485 587 568 650 vitas
598 585 824 668 Hesychianas
852 589 980 669 praeter
1003 585 1148 651 Philonis
1171 592 1218 651 'ex
1242 585 1296 651 So·

147 694 279 777 phronii
308 694 394 758 mole
427 693 592 758 enucleare
625 692 748 756 licebit.
775 715 803 757 v.
831 689 1109 777 Πολάκαριτος,
1141 694 1197 757 ubi
1230 695 1297 758 vita

148 798 356 884 Hesychiana
383 801 502 865 desinit
530 800 564 863 in
587 800 685 864 verba
713 794 815 874 άλλας
845 798 1033 882 ἐκκλησίας,
1062 788 1159 876 οὗτος
1170 822 1234 884 seq.
1258 824 1296 864 ex

149 906 310 990 Sophron.
329 930 354 973 ο.
371 909 410 972 17
431 907 521 971 addit
541 904 654 971 Suidas
675 903 765 992 (nam
785 904 1003 991 Sophronium
1023 908 1154 971 subesse
1172 907 1298 972 videret

149 1035 188 1078 ex
215 1014 324 1079 verbis
352 1015 498 1098 ἔγραψεν
522 1008 700 1096 ἐπιστολὴν
723 1008 806 1096 πρὸς
832 1016 1077 1097 Φιλιππηοίους
1099 998 1190 1082 πάνυ
1212 1021 1297 1079 θαυ·

148 1117 290 1204 μαστήν,
319 1142 513 1206 quamquam
534 1120 701 1203 sequentia
721 1120 841 1203 scripta
863 1120 948 1204 apud
970 1119 1129 1204 Sophron.
1155 1120 1298 1204 desunt)3

147 1222 473 1311 ν.Ἀπολινάριος
496 1221 733 1305 Λαοδικεύς,
760 1247 823 1308 quo
847 1225 881 1289 in
905 1227 1040 1323 articulo
1064 1226 1297 1312 exitus'Hesy·

148 1334 285 1399 chianae
307 1335 342 1398 in
364 1356 441 1399 voce
464 1328 685 1416 ὑπομνήματα
709 1335 771 1413 est,
800 1333 834 1396 in
862 1355 926 1416 quo
955 1354 992 1396 ex
1018 1331 1199 1416 Sophronio
1228 1339 1299 1399 tan·

147 1444 221 1504 tum
250 1439 288 1504 de
316 1463 381 1506 uno
409 1440 478 1503 eius
506 1440 591 1503 libro
623 1434 720 1524 (κατὰ
748 1441 950 1523 Πορφυρίου
981 1436 1160 1521 τριάκοντα
1188 1438 1298 1528 λόγοι)

149 1551 185 1611 et
212 1546 250 1610 de
273 1546 368 1629 Apol.
397 1546 611 1631 grammatico
639 1545 758 1610 notitia
782 1544 973 1630 deprompta
1001 1551 1052 1610 est
1080 1545 1132 1630 (έν
1159 1549 1199 1632 τῇ
1227 1545 1298 1612 νεό-

147 1677 224 1735 τητι
255 1654 384 1736 μάλλον
421 1648 484 1735 τὴν
519 1646 750 1736 γραμματικὴν
786 1647 960 1735 ἤσκησεν);
1000 1676 1025 1716 v.
1054 1657 1300 1730 Βασίλειος

149 1763 265 1823 Καισ.
293 1757 408 1844 (usque
436 1759 484 1834 είς
508 1753 632 1836 άλλονς
659 1755 828 1842 πλείονας)
857 1759 909 1823 vel
939 1757 1112 1835 διέποντος
1141 1763 1299 1840 [extrema
1377 1762 1381 1767 ’

149 1865 253 1929 verba
276 1865 322 1929 sie
344 1865 378 1928 in
403 1862 586 1948 Sophronio
609 1867 774 1950 leguntur:
798 1865 933 1950 τελευτᾷ
957 1861 1193 1948 βασιλεύοντος
1217 1871 1300 1950 Γρα·

149 1968 320 2056 τιανοῦ]),
343 1993 407 2056 qua
426 1972 460 2036 in
483 1972 551 2036 vita
575 1993 613 2035 ex
632 1970 813 2054 Sophronio
833 1970 1002 2055 desumpta
1025 1968 1080 2035 καλ
1098 1967 1168 2037 κατ’
1190 1968 1298 2037 Εὐνο-

150 2081 236 2162 μίον
259 2073 297 2142 δὲ
316 2076 503 2159 ἐξαιρέτους
522 2076 677 2155 συνέταξε
697 2073 819 2160 λόγους
836 2075 891 2142 καὶ
910 2075 984 2161 περὶ
1003 2081 1063 2144 τοῦ
1083 2073 1183 2162 ἁγίου
1200 2078 1299 2146 πνεῦ-

151 2208 259 2269 ματος
281 2185 398 2269 τεῦχος
420 2183 475 2249 καὶ
498 2180 556 2261 τὰς
575 2185 622 2260 είς
640 2180 702 2268 τὴν
722 2181 905 2268 έξαήμερον
924 2180 1054 2269 ὁμιλίας
1072 2185 1170 2251 ε’ννέα
1186 2187 1299 2272 ἕτερον

147 2292 270 2372 τεῦχος
297 2286 480 2376 άσκητικόν
506 2288 619 2378 (Soph.
638 2285 710 2355 κατ’
737 2285 911 2374 Εὐνομίου
935 2277 1121 2375 ἐξαιρέτους
1144 2294 1299 2373 συνέταξε
1357 2324 1359 2327 ·

147 2394 277 2480 λόγους
303 2395 359 2462 καὶ
392 2395 466 2481 περὶ
495 2394 683 2481 πνεύματος
710 2392 808 2479 ἁγίου
835 2399 951 2482 τεῦχος
978 2396 1033 2462 καὶ
1062 2400 1109 2475 είς
1137 2398 1198 2484 τὴν
1229 2401 1299 2479 ἑξα-

147 2501 279 2589 ήμερον
303 2499 436 2589 ὁμιλίας
454 2504 551 2570 έννέα
570 2501 626 2568 καὶ
644 2498 853 2589 άσκητικόν),
877 2505 1001 2588 reliqua
1023 2506 1108 2570 vitae
1132 2529 1171 2570 ex
1195 2508 1298 2572 altero

148 2611 243 2676 fonte
262 2612 431 2697 supplens;
454 2635 484 2676 v.
503 2606 728 2695 Γρηγόριος
752 2613 790 2674 Ν
791 2613 840 2689 αζ.
861 2610 976 2696 (usque
999 2608 1165 2695 μυριάδας
1187 2612 1298 2699 τρεῖς),

148 2718 210 2783 ubi
234 2740 272 2782 ex
296 2718 420 2783 duobus
444 2717 590 2783 tontibus
609 2716 810 2801 Hesychium
835 2739 893 2781 sua
916 2718 1123 2803 descripsisse
1142 2720 1300 2802 probatur

148 2825 260 2890 verbis
293 2825 327 2889 in
354 2825 449 2890 initio
482 2823 598 2909 positis
632 2825 679 2899 είς
708 2818 773 2909 γάρ
801 2835 889 2906 τρεῖς
917 2824 1082 2910 μυριάδας
1110 2829 1232 2909 στίχων
1258 2823 1298 2892 τδι

148 2926 368 3015 συντάγματα
391 2926 496 2997 αὐτοῦ
520 2930 709 3015 συνέθηκεν
734 2935 831 3015 atque
854 2932 939 2997 infra
957 2933 1083 2998 iteratis
1103 2927 1201 2998 άτινα
1220 2950 1298 2998 συν-

147 3035 291 3122 άγονται
314 3039 362 3116 είς
384 3037 473 3104 ἐπῶν
496 3033 661 3124 μυριάδας
684 3050 786 3122 τρεῖς,
815 3061 952 3124 quorum
975 3041 1065 3123 prius
1094 3063 1133 3104 ex
1158 3039 1297 3125 Sophro-

147 3147 207 3211 nio
232 3147 389 3231 manavit,
415 3169 488 3212 cum
512 3146 546 3210 in
570 3146 682 3211 eodem
706 3146 787 3212 haec
814 3147 936 3229 scripta
956 3147 997 3211 ab
1020 3145 1185 3230 Hesychio
1207 3169 1299 3212 enar-

149 3256 226 3317 rata
249 3252 369 3318 desint:
394 3249 567 3338 ἐπιτάφιος
589 3254 636 3330 είς
659 3251 719 3318 τὸν
742 3251 867 3319 ἑαυτοῦ
885 3250 1023 3338 πατέρα,
1044 3251 1153 3336 ἕτερος
1172 3255 1219 3329 είς
1237 3250 1299 3338 τὴν

151 3353 305 3444 ἀδελφὴν
329 3363 534 3444 Γοργονίαν,
563 3357 638 3442 περὶ
662 3362 839 3442 θεολογίας
863 3355 909 3442 α’,
936 3357 1011 3443 περὶ
1035 3359 1113 3424 υίοῦ
1136 3357 1230 3442 λόγοι
1253 3357 1299 3443 β’,

150 3466 376 3553 πανηγυρικολ
397 3464 492 3551 λόγοι
516 3463 544 3531 ι’
568 3470 600 3531 et
623 3464 677 3531 καὶ
703 3465 808 3550 ἕτεροι
831 3471 978 3531 πλεῖστοι
997 3465 1052 3531 καὶ
1075 3466 1155 3531 πᾶσι
1178 3462 1299 3552 γνώρι-

150 3573 256 3661 μοιῙ),
279 3598 309 3640 v.
325 3570 511 3658 Ἰάσηπος
533 3578 556 3638 Ι
559 3574 723 3647 ουδαῖος
747 3572 862 3658 (usque
886 3572 926 3636 ad
949 3574 1092 3656 βιβλίοις
1114 3569 1161 3659 τί)
1185 3573 1220 3637 in
1242 3560 1299 3638 ini·

151 3683 200 3746 tio
228 3681 315 3746 vitae
343 3684 444 3748 verba
470 3680 662 3766 φιλαλήθης
689 3679 796 3765 λέγων
812 3718 854 3726 -
869 3680 1032 3765 Χριστοῦ,
1061 3702 1143 3765 quae
1165 3703 1299 3764 prorsus

152 3789 194 3852 ab
222 3787 380 3872 Hesychii
412 3788 542 3875 ingenio
575 3788 741 3871 recedunt,
774 3811 793 3852 a
825 3787 1000 3852 christiano
1031 3769 1151 3852 lectore
1180 3789 1230 3851 vel
1259 3787 1299 3851 ab

226 4063 253 4130 1)
281 4060 409 4117 Ceterum
437 4061 514 4120 Suid.
533 4062 675 4132 (Hesyeh.)
705 4056 839 4123 έπαίνονς
859 4053 984 4129 Ἥρωνος
1011 4058 1184 4131 φιλοσόφον,
1215 4061 1298 4130 Soph.

151 4137 290 4204 ἐπαίνους
308 4144 444 4213 Μαξίμου
468 4139 628 4212 φιλοσόφον
652 4137 721 4211 μετά
746 4137 798 4210 τὴν
822 4137 934 4210 έξορίαν
958 4136 1178 4210 άναζεόξαντος,
1202 4135 1299 4195 ὅντινα

149 4222 269 4290 ψευδῶς
285 4241 362 4284 τινες
373 4215 500 4291 Ἥρανος
520 4219 694 4293 ἐπέγραψαν.
728 4221 786 4277 ἔστι
805 4220 858 4290 γάρ
877 4221 925 4274 καὶ
941 4217 1010 4290 άλλη
1031 4224 1137 4294 βίβλος,
1156 4217 1299 4288 κατάγνω-

151 4321 197 4357 σιν
216 4302 268 4356 τοῦ
288 4297 378 4356 atnoe
392 4304 527 4373 Μαξίμου
546 4303 730 4373 περιέχουσα,
749 4297 787 4363 ὡς
806 4298 842 4370 μὴ
860 4295 924 4366 ἐξὸν
944 4297 1032 4370 εἶναι,
1051 4297 1101 4355 τδν
1117 4295 1205 4353 αὐτὸν
1221 4296 1299 4354 έπαι-

150 4379 235 4436 νέοαι
253 4382 303 4436 καὶ
320 4380 409 4448 ψέξαι
428 4377 459 4437 ἐν
478 4383 575 4456 καιρῷ.
604 4383 645 4436 De
664 4382 798 4452 Gregorio
817 4383 960 4436 imitatore
979 4380 1150 4450 Polemonis,
1170 4379 1300 4434 Aristidis

150 4461 298 4530 magistri,
317 4479 427 4531 prorsus
445 4464 520 4517 tacet
539 4464 719 4533 Sophronias.

208 4561 406 4613 flnsxoms‚.ed.
420 4562 499 4604 Flach.
1072 4567 1087 4604 θ
