2880 5054
178 298 222 362 54
640 290 854 348 HESYOHIUS.

178 459 243 537 κός.
299 463 420 544 ἔγραψε
452 454 574 543 πάτρια
605 460 766 538 Κυζίκου,
803 453 878 540 περὶ
912 455 979 519 τῶν
1010 453 1047 518 έν
1079 462 1150 529 τοῖς
1183 455 1317 536 βιβλίοις

180 570 340 653 σημείων,
364 565 439 652 περὶ
462 566 648 649 ποιητικῆς,
672 562 746 649 περὶ
771 565 953 648 στοιχείων.

269 673 378 740 CCVI.
420 669 628 757 Διόδωρος
655 669 710 735 καὶ
738 665 838 747 αὐτὸς
860 665 1014 753 κωμικός.
1059 668 1128 732 τάν
1155 664 1317 752 ὃραμάτον

180 776 283 847 αὐτοῦ
308 780 397 845 ἐστιν
426 775 607 864 Αὐλητρίς,
632 773 676 854 ὡς
695 772 874 861 ’Λθήναιος
903 774 940 841 έν
967 774 1012 863 τῷ
1042 770 1067 839 ι’
1092 775 1162 839 τῶν
1185 780 1317 839 Λειπνο

152 888 350 972 ισοφιστῶν
374 885 469 969 λέγει.
506 884 542 950 έν
567 882 604 950 δὲ
627 886 671 975 τῷ
696 882 743 968 ιβ’
767 886 883 968 φησίν,
908 878 959 948 ὅτι
981 880 1037 948 καὶ
1053 876 1250 966 Ἐπίκληρος
1269 880 1318 948 καὶ

179 993 445 1078 Πανηγυρισταί.
1214 990 1217 995 ’

269 1098 397 1167 CCVII.
435 1095 645 1181 Διόδωρος
664 1094 828 1181 μονάζων,
847 1095 883 1162 ἐν
903 1108 973 1174 τοῖς
992 1095 1128 1182 χρόνοις
1139 1092 1320 1163 Ἰονλιανοῦ

178 1207 234 1274 καί
267 1202 456 1282 Οὐάλεντος
492 1200 715 1288 έπισκοπησας
750 1205 889 1288 Ταρσῶν
923 1206 982 1288 της
1014 1207 1177 1281 Κιλικίας.
1233 1193 1319 1281 οῦτος

181 1319 340 1399 ἔγραψεν,
363 1308 406 1389 ἀς
426 1328 507 1396 φησι
523 1307 698 1394 Θεόδωρος
717 1305 931 1394 ἀναγνωστης
953 1310 989 1375 έν
1012 1311 1051 1396 τῇ
1076 1310 1317 1397 ἐκκλησιαστικη

142 1439 167 1478 1⁰
181 1423 327 1508 ίστορίηι,
357 1417 513 1504 διάφορα.
559 1415 623 1483 είσὶ
648 1413 685 1483 δέ
707 1413 799 1482 τάδε·
824 1415 994 1501 ἑρμηνεῖαι
1022 1419 1069 1494 είς
1096 1413 1159 1502 τὴν
1183 1413 1318 1482 παλαιὰν

180 1529 307 1611 πᾶσαν,
331 1525 479 1610 γένεσιν,
503 1526 621 1604 ἔξοδον
645 1523 700 1588 καὶ
720 1523 851 1608 ἐφεξῆς,
876 1527 923 1601 είς
946 1512 1099 1609 ψαλμοὺς
1122 1523 1178 1590 καὶ
1203 1527 1248 1603 είς
1269 1520 1318 1602 τάς

181 1632 214 1698 δ’
239 1635 423 1715 βασιλείας,
447 1634 493 1708 είς
516 1627 555 1697 τά
581 1630 761 1715 ζητούμενα
784 1632 853 1696 τῶν
875 1631 1182 1719 παραλειπομένων,
1205 1634 1252 1710 είς
1271 1627 1319 1709 τὰς

172 1733 369 1825 παροιμίας,
389 1741 437 1815 τίς
452 1735 599 1823 διαφορά
616 1741 761 1819 θεωρίας
777 1735 832 1802 καὶ
847 1733 1059 1822 ἀλληγορίας,
1078 1741 1126 1817 είς
1139 1734 1202 1805 τὸν
1217 1738 1317 1821 έκκλη

181 1843 331 1929 σιαστήν,
355 1847 402 1922 είς
415 1842 452 1911 τὸ
468 1835 555 1931 ᾆσμα
577 1846 644 1909 νῦν
664 1840 831 1931 ᾀσμάτων,
855 1847 902 1922 εἰς
920 1841 999 1925 τούς
1017 1843 1203 1931 προφήτας,
1221 1869 1318 1933 χρονι·

142 1950 242 2019 ιεκὸν
271 1948 522 2038 διορθούμενον
546 1947 584 2016 τὸ
610 1948 746 2035 σφάλμα
771 1945 940 2035 Εὐσεβίον
962 1954 1023 2017 τοῦ
1047 1957 1234 2037 Παμφίλου
1254 1948 1318 2035 περὶ

179 2061 246 2126 τῶν
270 2054 419 2144 χρόνων,
444 2060 491 2135 είς
514 2054 554 2122 τά
578 2055 611 2121 δ’
636 2052 826 2142 εὐαγγέλια,
850 2061 898 2135 είς
920 2055 977 2136 τάς
1000 2056 1136 2144 πράξεις
1158 2061 1227 2126 τῶν
1250 2054 1317 2125 ἀπο

181 2163 322 2249 στόλων,
336 2167 383 2242 είς
397 2161 458 2249 τὴν
472 2161 651 2249 ἐπιστολὴν
662 2159 825 2230 Ἰωάννου
839 2166 900 2230 τοῦ
919 2159 1168 2249 εὐαγγελιστοῦ,
1182 2164 1256 2253 περὶ
1268 2167 1319 2231 τοῦ

182 2264 228 2350 εἷς
260 2267 341 2349 θεὸς
368 2273 404 2338 ἐν
433 2269 559 2356 τριάδι,
591 2267 673 2336 κατὰ
700 2272 1004 2356 Μελχισεῦεκιτῦν,
1036 2267 1121 2338 κατὰ
1145 2267 1318 2354 Ἰουδαίων,
1357 2354 1362 2362 Ι

181 2377 256 2464 περὶ
284 2380 414 2459 νεκρῶν
437 2375 665 2462 ἀναστάσεως,
693 2376 767 2463 περὶ
791 2380 912 2463 φυχῆς,
944 2374 1027 2443 κατὰ
1052 2375 1230 2463 διαφόρων
1255 2376 1318 2464 περὶ

140 2506 167 2545 20
181 2480 283 2570 αὐτῆς
307 2483 482 2570 αίρέσεων,
505 2481 588 2571 πρὸς
611 2481 799 2568 Γρατιανὸν
813 2482 990 2570 κεφάλαια,
1013 2482 1095 2551 κατὰ
1112 2479 1319 2575 ἀστρονόμων

179 2591 234 2658 καὶ
266 2588 481 2676 ἀστρολόγων
513 2589 568 2656 καὶ
596 2591 803 2677 είμαρμένης.
850 2588 934 2678 περὶΙ
958 2595 1102 2677 σφαίρας
1128 2591 1185 2658 καὶ
1212 2594 1276 2659 νῦν
1296 2586 1318 2671 ζ’

182 2701 296 2780 ζωνῶν
314 2698 441 2783 καὶτῆς
456 2699 609 2776 ἐναντίας
626 2700 693 2764 τῶν
709 2694 858 2784 ἀστέρων
871 2702 1013 2784 πορείας.
1041 2698 1117 2785 περὶ
1131 2694 1319 2785 τῆςἾππάρ

181 2831 242 2891 χον
266 2809 424 2890 σφαίρας,
454 2804 528 2889 περὶ
552 2808 727 2889 προνοίας,
753 2801 836 2871 κατά
861 2803 1044 2884 Πλάτωνος
1067 2805 1143 2891 περὶ
1166 2808 1253 2874 θεοῦ
1274 2802 1320 2872 καί

181 2915 288 2995 θεῶν,
312 2911 386 2993 περὶ
409 2910 542 2997 φύσεως
564 2911 619 2977 καὶ
642 2908 746 2997 ῦλης,
768 2913 805 2978 έν
830 2901 855 2998 ᾧ
878 2916 913 2977 τί
933 2910 971 2978 τὸ
996 2910 1130 2981 δίκαιόν
1145 2914 1230 2998 ἐστι,
1256 2911 1321 2998 περὶ

142 3038 167 3078 25
181 3021 266 3085 θεοῦ
284 3015 339 3083 καὶ
357 3016 439 3101 ὐλης
455 3014 650 3102 Ἑλληνικῆς
669 3018 908 3104 πεπλασμένης,
932 3015 982 3084 ὅτι
1003 3020 1040 3085 αί
1056 3016 1196 3110 ἀόρατοι
1214 3019 1321 3106 φύσεις

182 3122 243 3191 οὐκ
263 3125 298 3190 ἐκ
316 3126 382 3190 τάν
402 3128 574 3210 στοιχείων
588 3120 662 3190 ἀλλ’
680 3124 715 3190 έκ
729 3122 873 3210 μηδενὸς
887 3123 966 3210 μετά
982 3128 1049 3192 των
1064 3131 1238 3214 στοιχείων
1256 3126 1322 3213 έθη-

180 3229 449 3318 μιονργήθησαν,
473 3229 555 3314 πρὸς
581 3226 779 3317 Εὐφρόνιον
803 3230 1006 3318 φιλόσοφον,
1029 3230 1112 3300 κατά
1134 3237 1254 3302 πεῦσιν
1275 3231 1323 3301 καὶ

180 3335 369 3423 ἀπόκρισιν,
392 3335 474 3403 κατὰ
499 3335 745 3424 Ἀριστοτέλους
771 3336 845 3423 περὶ
874 3334 1026 3423 σώματος
1054 3336 1235 3428 οὐρανίου,
1263 3342 1325 3417 πῦς

181 3442 306 3529 θερμὸς
329 3441 347 3510 ὁ
367 3441 471 3529 ἥλιος,
494 3442 576 3510 κατά
599 3447 666 3510 τῶν
690 3442 858 3530 λεγόντων
883 3448 967 3536 ζῷον
990 3444 1050 3515 τὸν
1075 3444 1237 3533 οὐρανόν,
1258 3445 1324 3533 περὶ

183 3659 252 3733 ποῦς
283 3655 320 3723 τὸ
354 3657 469 3723 θέλειν
500 3657 556 3723 καὶ
587 3655 624 3724 τὸ
659 3655 704 3743 μὴ
734 3659 847 3725 θέλειν
876 3659 927 3726 ἐπὶ
959 3664 1045 3728 θεοῦ
1078 3656 1195 3729 ἀϊδίου
1227 3660 1325 3744 ὄντος,

183 3760 266 3830 κατὰ
290 3769 493 3850 Πορφυρίου
516 3764 590 3851 περὶ
615 3762 706 3856 ζςόων
729 3764 784 3831 καὶ
807 3768 949 3833 θυσιῶν.

257 3967 272 4012 2
297 3960 331 4013 de
355 3959 409 4013 hoo
433 3960 577 4028 opusculo,
602 3959 676 4028 quod
700 3961 807 4028 septem
832 3959 959 4015 constitit
981 3960 1074 4029 libris,
1098 3963 1326 4035 ολ.8οοφ1].Βγι

185 4059 210 4096 v.
231 4039 365 4109 Βέσβικος
384 4043 413 4094 et
431 4038 526 4105 Βοιὼ,
546 4040 623 4094 stud.
644 4059 670 4108 p.
690 4046 723 4093 98

255 4120 338 4174 CCVI
357 4117 543 4173 OfiMeineke
563 4122 620 4188 lp.
640 4125 700 4173 418.
733 4119 807 4172 Num
825 4122 958 4189 Hesychii
980 4123 1040 4178 vita
1059 4123 1109 4190 sit,
1133 4122 1258 4179 dubium.
1289 4122 1325 4179 cf.

182 4199 277 4267 Daub,
307 4199 341 4254 de
361 4199 435 4253 Suid.
456 4217 482 4267 p.
502 4204 554 4251 484
639 4206 654 4254 5
681 4217 731 4268 pro
757 4196 806 4271 ιβ’,
833 4204 908 4268 quod
931 4202 996 4257 libri
1020 4205 1180 4275 praestant,
1208 4200 1238 4271 ς’
1262 4222 1325 4260 corr.

182 4279 338 4346 Ετίιιοείιιε,
362 4280 541 4348 Bernhardy,
572 4279 706 4334 Westerm.
736 4281 798 4334 coll.
828 4281 865 4333 VI
894 4301 920 4350 p.
945 4288 1009 4349 235,
1038 4289 1104 4352 239,
1133 4290 1199 4352 240,
1227 4285 1276 4339 sed
1298 4280 1326 4358 β’

184 4358 302 4413 fortasse
323 4360 518 4428 corrigendum
537 4360 693 4427 suspicatus
713 4363 756 4415 est
774 4362 858 4415 Πανί)
871 4363 892 4415 l.
908 4379 930 4417 ο.

257 4439 352 4493 CCVII
371 4441 410 4493 De
431 4440 483 4494 hae
502 4439 637 4508 Hesychii
656 4441 714 4495 vita,
732 4442 791 4496 dixi
808 4442 878 4498 Mus.
899 4443 986 4498 Rhen.
1006 4441 1111 4496 XXXV
1129 4461 1159 4514 p.
1177 4450 1228 4501 198
1240 4462 1297 4515 seq.
