2880 5054
603 307 816 364 nnsnefflnn
1215 309 1281 372 209

219 468 452 537 DOOLXXIV.
490 467 671 555 Σώφρων
694 466 938 556 Συρακούσιος,
959 465 1202 554 Ἀγαθοκλέους
1223 472 1279 536 καὶ

128 579 423 663 Λαμνασυλλίδος.
464 589 532 655 τοῖς
556 575 594 642 δὲ
617 575 753 661 χρόνοις
776 566 819 661 ήν
842 573 924 643 κατὰ
946 577 1072 663 Ξέρξην
1095 576 1150 644 καί
1175 573 1278 662 Εὐρι-

125 687 244 770 πίδην,
268 683 324 751 καί
347 687 470 770 έγραψε
493 686 615 769 μίμους
638 680 815 769 ἀνδρείους
836 683 891 750 καὶ
915 689 1036 770 μίμους
1058 687 1279 769 γυναικείους.

125 789 194 858 εἰσὶ
220 788 257 856 δέ
275 783 527 874 καταλογάδην,
554 789 714 878 διαλέκτῳ
740 793 881 877 Δωρίδι.
926 796 985 857 καί
1005 810 1088 876 φασι
1112 788 1279 858 Πλάτωνα

124 897 189 966 τὸν
214 895 406 984 φιλόσοφον
429 894 480 963 ιἰεὶ
500 891 614 974 αὐτοῖς
633 896 859 981 ἐντυγχάνειν,
883 894 928 975 ὡς
949 898 1004 963 καί
1023 896 1206 965 καθεύδειν
1225 892 1305 964 έπί

126 1001 247 1072 αὐτῶν
271 1001 346 1071 ἔσθ’
373 1000 436 1071 ὅτε.
525 1024 528 1030 ·

219 1110 433 1177 DOOLXXV.
456 1107 650 1196 [Σώφρων
664 1106 817 1194 κωμικός.
838 1107 960 1177 τούτου
974 1110 1043 1178 ἐστὶ
1058 1110 1209 1199 δράματα
1223 1110 1279 1177 καὶ

124 1221 289 1308 κωμῳδία
308 1214 484 1302 Πενθερά,
511 1211 556 1293 ὡς
571 1211 751 1300 Ἀθήναιός
770 1234 875 1301 φησιν
894 1217 932 1284 έν
951 1224 1279 1304 Λειπνοσοφισταϊς.]

219 1325 452 1392 DCOLXXVI.
497 1325 650 1410 Ταῦρος
678 1321 858 1410 Βηρύτιος,
889 1323 1076 1411 φιλόσοφος
1106 1331 1280 1393 Πλατωνι-

124 1431 203 1516 κός,
238 1429 386 1518 γεγονὼς
418 1430 470 1497 ἐπὶ
495 1427 698 1496 Ἀντωνίυου
729 1433 791 1496 τοῦ
819 1427 1000 1516 Εὐσεβοῦς.
1051 1435 1174 1519 ἔγραψε
1204 1432 1279 1519 περὶ
1294 1453 1319 1492 10

123 1544 187 1626 τῆς
218 1544 288 1606 τῶν
322 1537 499 1624 δογμάτων
531 1539 697 1623 διαφοράς
727 1536 910 1616 Πλάτωνος
941 1538 996 1605 καὶ
1024 1535 1280 1626 Ἀριστοτέλους,

125 1648 206 1730 περὶ
232 1643 396 1730 σωμάτων
418 1643 473 1711 καὶ
496 1639 683 1728 άσωμάτων
707 1642 762 1709 καί
788 1641 872 1710 ἅλλα
895 1652 1040 1712 πλεῖστα.

219 1752 470 1819 DOGLXXVII.
511 1751 777 1818 Τελέσιλλα..
794 1749 1027 1837 ποιήτρια.
1042 1753 1136 1836 ,[έπὶ
1160 1752 1281 1840 στήλης

123 1859 168 1928 τά
198 1859 262 1946 μέν
242 1854 444 1944 νβιβλία’
427 1859 639 1945 απέρριπται,
667 1856 791 1985 κράνος
815 1857 851 1924 δέ
873 1861 913 1943 τή
937 1863 1064 1947 κεφαλή
1093 1861 1280 1947 περιέθηκε

124 1967 185 2034 καὶ
209 1963 274 2053 γάρ
298 1991 353 2032 οτε
372 1963 633 2051 Λακεδαιμόνιοι
652 1961 731 2042 τοὺς
750 1966 786 2031 ἐν
805 1991 850 2056 τῳ
836 1967 949 2053 ίερῷ
968 1970 1028 2034 τοῦ
1037 1965 1165 2054 ’Ἁργου
1182 1994 1279 2033 κατα·
1295 1987 1319 2027 15

124 2073 304 2160 φυγόντας
335 2073 535 2159 διέφθειρον
566 2070 621 2137 καί
653 2068 737 2157 πρὸς
763 2068 825 2156 τήν
852 2070 952 2140 πόλιν
979 2070 1083 2161 ήεσαν
1112 2071 1157 2154 ὥς
1188 2073 1281 2162 αίρή-

126 2201 263 2266 σοντες,
290 2177 375 2271 τότε
412 2179 587 2246 Τελέσιλλα
620 2176 678 2256 τὰς
710 2179 746 2244 ἐν
779 2175 890 2267 ήλικίηι
922 2193 1082 2264 γυναῖκας
1115 2177 1281 2248 ὁπλίσασα

124 2285 323 2373 ὑπήντησεν
347 2280 383 2353 οἷ
402 2284 603 2374 προσῄεσαν.
640 2282 721 2372 ὅπερ
745 2283 874 2364 ι’δόντες
894 2289 928 2352 οί
949 2285 1211 2373 Λακεδαιμόνιοι
1234 2290 1282 2366 είς

124 2392 279 2463 τούπίσω
308 2390 535 2480 ὑπέστρεψαν,
564 2389 705 2478 αἰσχρὸν
732 2397 929 2478 νομίσαντες
955 2395 1087 2479 γυναιξί
1112 2401 1280 2480 πολεμεῖν,

124 2499 169 2581 ἃς
202 2501 259 2568 καί
295 2499 333 2568 τὸ
364 2503 464 2568 νικᾶν
496 2498 621 2581 ἄδοξον
652 2499 709 2566 καὶ
741 2495 905 2585 ἡττᾶσθαι
937 2501 1020 2587 μέγα
1053 2499 1193 2579 ὄνειδος.
1248 2503 1320 2579 ές20

124 2612 231 2676 τοῦτο
260 2608 315 2675 καὶ
341 2605 359 2675 ὁ
383 2605 529 2695 χρησμὸς
552 2604 746 2692 πεπλήρωτο
768 2604 928 2694 Ἀργείοις
950 2609 1058 2692 λέγων
1082 2605 1171 2675 ’ἀλλ’
1198 2604 1280 2674 ὅταν

124 2713 149 2802 ή
174 2714 299 2800 θήλεια
321 2712 381 2781 τὸν
405 2712 530 2800 άρρενα
553 2712 717 2799 νικήσασα
741 2711 876 2801 έξελάση
900 2713 956 2780 καί
978 2718 1082 2793 κῦδος
1105 2717 1142 2781 έν
1158 2711 1278 2802 Ἀργεί-

128 2841 223 2889 οισιν
247 2819 381 2909 άρηται,
405 2818 530 2900 πολλάς
550 2817 708 2906 Ἀργείων
732 2814 968 2906 ἀμφιδρυφέας
991 2818 1065 2888 τότε
1087 2819 1227 2907 θήσειἸ.

146 2970 152 2977 -
220 2929 486 2997 DOOLXXVIII.
535 2929 724 3013 Τελέστης
762 2926 915 3014 κωμικός.
970 2927 1093 2996 τούτου
1128 2926 1278 3015 δράματά

131 3091 202 3145 Par.
218 3090 357 3145 Καείικαε
372 3090 467 3159 Δημία
484 3089 556 3158 vulp.
572 3089 601 3142 et
614 3087 691 3142 Eud.
746 3080 784 3149 ὥς
802 3119 834 3125 -
853 3081 908 3142 Ἅθ.
928 3105 979 3146 em.
997 3089 1072 3144 Eue.
1093 3084 1130 3151 ὡς
1144 3086 1177 3142 δέ
1192 3106 1280 3157 φησιν

126 3165 183 3226 Ἀθ.
205 3169 277 3224 noni.
297 3170 405 3237 Ronee,
423 3171 486 3239 καί,
505 3164 542 3232 ὥς
561 3186 647 3238 φησιν
664 3163 729 3234 Ἀθ,
745 3163 819 3236 Ἐγχ.
839 3169 924 3222 Daab
1001 3174 1036 3222 20
1054 3168 1191 3237 χοιρίδιον
1209 3167 1277 3221 veit.

128 3252 194 3306 edd.
209 3250 287 3306 Eud.
305 3253 441 3321 χειρίδιον
455 3255 557 3303 ΔΠΕ
576 3266 672 3305 verum
687 3247 765 3302 dedit
778 3249 935 3304 Athenaeus
988 3242 1226 3316 Παρακαταθήκη
1246 3264 1279 3301 ex

127 3331 234 3387 Athen.
255 3331 320 3385 XIV
338 3350 365 3401 p.
381 3337 433 3385 640
447 3331 584 3385 Kasteras
601 3323 765 3398 Παραθήκη
784 3330 856 3398 ναῖς.
871 3329 946 3383 Eud.
979 3328 1108 3383 Ceterum
1127 3327 1160 3382 οΙ
1176 3328 1277 3382 Athen.

129 3413 171 3468 ΙΙΙ
192 3432 220 3483 p.
237 3419 289 3467 123
308 3414 336 3467 ei
357 3417 416 3478 125,
434 3411 473 3464 IV
492 3430 518 3480 p.
534 3415 595 3477 228,
613 3409 639 3462 X
658 3414 751 3478 p.431
829 3412 917 3464 λκαί
932 3425 988 3477 seq.
1008 3426 1081 3478 susp.

202 3491 388 3549 DCCLXXIV
406 3491 562 3561 Descripsit
575 3490 814 3560 Ρεικιίο-Ηιογαλ.
831 3507 856 3544 ο.
872 3495 915 3556 62,
934 3489 982 3558 qui
1001 3505 1054 3543 oin.
1074 3486 1124 3542 καί
1138 3493 1228 3559 Δαμν.
1245 3519 1278 3528 --

128 3569 201 3644 nep.
276 3569 419 3642 3έγραφε
439 3575 534 3626 καταλ.
554 3571 671 3642 Ηιιγιλι.

202 3652 376 3708 DOOLXXV
394 3651 468 3707 Male
486 3652 560 3706 hunc
580 3650 752 3719 Sophronem
771 3650 807 3703 ab
825 3649 1003 3705 antecedenti
1022 3649 1152 3704 distinxit
1170 3648 1278 3717 suidas,

128 3751 216 3804 quem
234 3731 339 3786 fefellit
356 3732 456 3787 titulus
474 3732 510 3786 ab
529 3731 630 3785 Athen.
650 3729 735 3800 Hlp.
752 3736 803 3785 110
823 3733 949 3785 servatus
1010 3731 1149 3801 ἵδριῖμιι
1159 3729 1208 3784 καὶ
1226 3750 1278 3783 κω·
1337 3776 1338 3779 ,
1379 3745 1382 3749 ’

127 3815 225 3886 μῳδία
245 3813 381 3867 Καείιναε
400 3813 533 3883 κωμῳδία
551 3816 598 3863 BE
618 3813 762 3883 κωμῳδίαι
780 3813 851 3881 vulp.

202 3891 389 3946 DCCLXXVI
407 3893 449 3946 De
468 3908 501 3946 eo
520 3890 555 3946 ef
571 3889 641 3946 Gell
657 3892 677 3959 Ι,
691 3897 739 3956 26,
757 3890 818 3960 XII,
834 3897 863 3956 53
857 3889 967 3957 ·,XVII
981 3897 997 3945 8
1066 3886 1206 3959 9Τύριος
1224 3905 1278 3943 sec.

126 3973 265 4028 Philosir.
280 3972 337 4027 vit.
352 3972 387 4042 ΙΙ,
405 3974 471 4042 1(p.
486 3976 538 4025 243
553 3970 606 4040 Κ.,)
626 3971 717 4039 quode
736 3972 770 4027 ef.
786 3972 883 4040 Hertz,
902 3971 1002 4025 Annal.
1016 3970 1085 4039 phil.
1102 3974 1168 4024 1881
1184 3988 1210 4039 p.
1226 3973 1278 4022 287

128 4059 163 4106 10
183 4050 303 4119 περὶ·
320 4014 525 4123 Ἀριδτοτέλους
538 4069 592 4106 om
611 4056 633 4103 V
710 4057 741 4106 11
767 4050 1023 4107 commentarium
1016 4069 1045 4104 1n
1064 4048 1196 4169 Gergiam
1215 4048 1278 4101 Pla-

127 4132 207 4189 tonis
226 4133 395 4187 memoravit
412 4130 483 4188 Geli
499 4131 551 4200 VI,
572 4137 604 4184 14

201 4212 402 4269 DCGLXXVII
430 4212 543 4267 Initium
571 4212 647 4266 vitae
674 4211 793 4267 fortasse
820 4211 960 4282 Hesychio
990 4160 1113 4265 debetui.
1159 4208 1278 4277 Reliqua

128 4295 227 4350 omisit
246 4293 347 4349 Suidae
365 4294 471 4349 addens
488 4292 724 4348 narratiunculam
743 4309 778 4347 ex
795 4293 912 4349 Pannan
931 4290 966 4360 Π,
980 4297 1014 4354 20

201 4373 416 4432 DGOLXXVIII
444 4375 563 4430 Traeiat
585 4372 714 4429 Meineke
737 4372 877 4445 111527,
899 4371 950 4442 qui
970 4369 1150 4425 manifestum
1173 4368 1278 4426 Snidae

129 4473 255 4513 errorem
274 4453 397 4527 apennia
417 4455 451 4509 ef.
471 4453 573 4509 Athen.
590 4452 657 4509 XIV
674 4472 702 4525 p.
716 4458 769 4509 616
787 4454 817 4509 at
834 4460 896 4511 61¹1.
930 4448 1181 4521 Diffiynamberam
1192 4449 1278 4515 ‚enim

184 4558 339 4607 Haeremus,
353 4553 387 4595 ed.
400 4553 480 4595 lilaeh.
1028 4544 1066 4595 14
1148 4562 1160 4579 .·
