2880 5054
529 320 744 379 HESYCHIUS.
1164 317 1204 383 VV

56 481 297 573 ὑπομνήματα,
327 484 383 552 καὶ
412 485 505 573 ἕτερα
533 483 648 552 πολλοί.
700 482 830 572 ἤνθησε
858 482 999 570 μάλιστα
1029 484 1081 552 ἐπὶ
1109 488 1205 549 Κων-

57 597 242 661 οταυτίνού
282 597 343 659 τοῦ
382 592 544 678 βασιλέως
579 591 634 658 καὶ
669 597 924 676 Κωυσταντίου,
961 591 1016 658 καί
1055 589 1111 658 διὰ
1143 589 1206 676 τὴν

52 705 179 786 ,φιλίαν
218 697 280 786 τὴν
314 697 398 787 πρὸς
431 697 614 784 Πάμφιλον
647 695 707 766 τὸν
742 697 892 849 μάρτυρα
924 702 983 785 τῆς
1017 699 1207 784 ἐπωνυμίας

57 804 166 874 αὐτοῦ
189 803 343 892 ἠξιώθη]

149 907 795 997 001101.ΕὐσιάοιοςΈπιφανιύς.
849 903 1010 998 χρονικὴυ
1046 910 1232 998 ἐπιτομὴνῡ

55 1045 129 1087 την
156 1016 221 1086 ἀπὸ
247 1023 386 1086 Αἰνείου
412 1020 526 1105 μέχρις
549 1015 767 1085 Ἀναστασίου
789 1020 951 1103 βασιλέως
974 1020 1010 1085 ἐν
1033 1018 1148 1105 τόμοις
1166 1017 1205 1086 θ’

57 1126 116 1193 καὶ
140 1124 225 1193 ἄλλα
247 1124 333 1194 τινά.

150 1232 306 1300 OOXOII.
342 1239 373 1298 Ε
381 1228 490 1299 dove
497 1258 601 1316 φιος
621 1228 851 1317 Ἀφροδισιεὺς
880 1229 1040 1318 σοφιστὴς
1140 1233 1205 1298 ἐπι-

57 1345 195 1427 φανίωυ
223 1343 291 1406 τῶν
314 1341 351 1407 ἐν
371 1336 560 1426 ’Λὸρόττοις
581 1341 627 1431 τῷ
651 1337 828 1427 εὐκτηρίω,
856 1334 872 1405 ὃ
897 1352 1001 1406 κεῖται
1025 1341 1062 1406 ἐν
1086 1343 1205 1428 Λυδίᾳ.

57 1453 184 1535 ἔγραψε
207 1446 352 1532 μελέτας.
814 1487 823 1498 ⁴
1221 1464 1246 1503 ro

150 1553 321 1621 OOXOIII.
359 1550 579 1639 Εὐστόχιος
608 1551 836 1640 Καππαδόκης
863 1553 1033 1640 σοφιστής.
1084 1557 1223 1640 ἔγραψεν

55 1659 98 1729 τὰ
128 1657 212 1727 κατὰ
235 1658 443 1746 Κῶνσταυτα
469 1657 530 1727 τὸν
558 1659 696 1745 βασιλέα
723 1659 779 1726 καὶ
808 1657 1046 1747 ἀρχαιολογίαν
1070 1660 1206 1727 Καππα-

58 1771 178 1847 δοκίας
199 1767 255 1833 καὶ
279 1769 405 1834 λοιπῶν
430 1766 552 1833 ἐθνῶν.

150 1874 319 1942 OGXOIV.
357 1870 589 1959 [Εὔσχημος
605 1871 757 1958 κωμικός.
801 1876 871 1940 τῶν
900 1872 1079 1959 δραμάτων
1103 1871 1207 1941 αὐτοῦ

55 1985 151 2051 ἐστιν
172 1976 378 2069 Ἐμπολή,
356 2007 400 2060 ως
420 1977 599 2067 Ἀθήναιος
621 1980 731 2065 λέγει]
1222 1998 1248 2037 1⁵

149 2089 301 2156 OOXOV.
338 2084 563 2174 Εὐτρόπιος
582 2083 706 2165 Ἰταλὸς
729 2087 899 2172 σοφιστής.
939 2084 1000 2173 τὴν
1019 2084 1207 2175 Ῥωμαϊκὴν

56 2200 212 2285 ἱστορίαν
236 2195 433 2280 ἐπιτομικῶς
454 2195 494 2280 τῇ
515 2187 651 2259 Ἰταλῶν
674 2193 782 2280 φωνῇ.
829 2196 951 2278 ἔγραψε
973 2195 1029 2262 καὶ
1052 2193 1145 2262 ἄλλα.

150 2302 319 2370 COXOVI.
343 2297 556 2387 Εὐφορίων
572 2300 646 2378 υίὸς
659 2298 832 2386 Αἰσχύλου
849 2304 911 2367 τοῦ
927 2304 1097 2390 τραγικοῦ,
1110 2299 1207 2388 Ἀθη-

133 2465 312 2541 Ιῆνθισελ
385 2463 470 2522 3τόν
491 2483 543 2522 om.
564 2471 622 2519 ΔΒ

132 2552 240 2607 COXOI
257 2552 333 2605 Eud.
352 2568 379 2620 p
394 2554 454 2604 288.
493 2545 532 2601 Of.
552 2547 653 2644 lddller
670 2546 752 2616 le.
774 2553 833 2602 138.
891 2546 1096 2620 δουνήθροιοε
1115 2569 1208 2620 χρονι-

55 2629 114 2703 νὴν
134 2625 309 2702 ἐπιτομὴν
292 2624 467 2698 ωροιιοτοίτην
485 2627 541 2681 τῶν
562 2623 619 2682 οίπὸ
634 2659 668 2669 -
683 2627 1207 2697 Eoc.quadoformav.1>auo‚de
1303 2636 1305 2640 “

55 2713 171 2782 Violp.
187 2717 204 2766 8
250 2709 331 2764 8τοῦ
348 2702 443 2776 Τρωός
458 2705 521 2762 add.
532 2706 608 2761 Eud.
628 2707 740 2777 μέχριΔ
787 2703 819 2762 ἐν
834 2726 887 2762 om.
897 2714 919 2760 V
939 2704 971 2763 ἐν
985 2705 1124 2782 τόμοιςβ’
1136 2709 1207 2764 coni.

55 2795 199 2848 Kueterus
217 2795 331 2862 propter
348 2785 465 2856 Euagril
488 2787 552 2840 hist
571 2786 645 2846 Ecol
665 2787 698 2856 V,
718 2794 765 2857 24,
789 2804 843 2855 quo
867 2789 982 2857 quidem
1005 2790 1068 2845 loco
1093 2785 1135 2858 (ἐν
1155 2788 1208 2844 δύο

55 2871 199 2944 τεύχεσιν)
217 2870 259 2924 nil
272 2869 385 2939 probari
399 2869 475 2923 recte
487 2867 631 2937 perspexit
644 2831 810 2940 Βιίνίιονιίγ
829 2865 910 2923 ἐν’
879 2889 975 2940 τομοις
994 2873 1082 2926 είκοσι
1095 2871 1207 2940 rectius,

56 2957 91 3010 ut
104 2953 231 3018 videtur,
253 2949 335 3016 Eud,
354 2964 426 3017 quae
444 2947 539 3018 pergit
552 2947 600 3001 καί
615 2941 686 3002 ullo
700 2944 763 3002 md
779 2943 895 3017 χρονικὰ
911 2947 1117 3021 συνεγράψατο.
1136 2914 1208 3006 Huic

59 3033 139 3089 vitae
155 3030 255 3087 Suidas
274 3029 425 3098 adscripsit
442 3028 566 3099 glossam
583 3029 734 3098 repetitam
753 3045 787 3083 ex
801 3031 945 3093 Βασιλειος
962 3025 1139 3103 Ἅγνυρανός,
1159 3033 1208 3087 ubi

60 3113 229 3184 compilavit
247 3111 380 3180 Sophron.
402 3126 423 3165 c.
444 3114 478 3163 89

135 3190 254 3250 CCXCII
269 3208 323 3247 om.
333 3189 472 3245 Westerm.
486 3189 562 3244 Eud.
576 3208 604 3259 p.
614 3195 675 3244 28⁹.
695 3188 736 3246 Cf.
746 3207 771 3243 v.
781 3184 914 3258 Λαχάρης
968 3197 983 3245 9
999 3187 1176 3261 ἔναὸρόττοις
1185 3197 1208 3244 Δ

59 3277 159 3330 locum
176 3263 341 3327 mendosum
360 3287 458 3326 sanare
475 3271 598 3327 tentavit
615 3271 726 3336 Bertcl,
746 3269 816 3325 coni.
832 3266 966 3339 σοφιστὴς
985 3267 1133 3339 ἐπιφανῶν
1152 3273 1208 3325 τῶν

59 3351 92 3410 ἕν
110 3349 264 3422 Ἀδρόττοις
278 3347 443 3420 οἰκητόρων,
461 3343 479 3403 ἃ
494 3356 596 3421 κεῖται,
609 3349 794 3418 Eustephium
809 3350 929 3404 edidisse
943 3351 1133 3405 laudationem
1149 3347 1207 3406 ἐπι·

59 3433 192 3504 φανειῶν
209 3431 266 3486 τῶν
286 3425 318 3484 ἐν
332 3423 486 3499 Ἀίρόττοις
503 3431 624 3499 putabat
642 3431 820 3501 Bernhardy,
844 3431 919 3500 quod
942 3448 975 3486 eo
997 3431 1088 3485 minus
1107 3431 1207 3501 proba-

56 3515 117 3569 bile
141 3512 265 3580 vidotur‚
289 3509 365 3578 quod
386 3509 460 3564 iufra
482 3509 595 3566 demum
617 3511 723 3582 legitur
746 3509 853 3581 ἔγραψε
877 3527 947 3580 seq.‚
971 3507 986 3565 ὁ
1011 3507 1123 3580 γράψας
1142 3511 1208 3582 περὶ

56 3594 173 3664 supplet
190 3592 285 3648 Daub.
318 3588 412 3665 Satius
431 3591 474 3645 est
495 3591 612 3646 lacunae
631 3592 741 3662 signum
759 3607 863 3661 ponere
931 3591 968 3661 τῷ
989 3589 1064 3646 sdan.
1083 3597 1131 3644 ΔΕ
1151 3592 1207 3646 τῶν

11 3724 14 3729 4
57 3670 217 3743 εόκτηρίων
231 3672 303 3742 vulp.
317 3669 394 3725 End.
463 3676 496 3726 10
516 3669 623 3741 ἔγραψε
642 3670 742 3743 λόγους
760 3667 971 3742 πανηγυρικοός
989 3672 1039 3726 καὶ
1057 3677 1115 3742 μελ.
1130 3672 1206 3727 Eud.

132 3751 265 3809 coxcffl
282 3751 359 3804 Eud.
373 3768 400 3820 p.
413 3756 473 3808 989.
502 3752 619 3807 Tractat
636 3752 738 3807 Mliller
756 3752 794 3807 IV
813 3758 872 3822 p.3
924 3758 963 3806 12·
979 3752 1206 3822 archaeologiom

43 3836 182 3894 rorone
195 3830 294 3886 laudat
304 3830 399 3900 Steph.
411 3831 473 3900 Byn.
484 3849 510 3885 v.
522 3830 738 3888 Παντικάπαιον
777 3838 809 3887 13
824 3833 930 3887 λοιπῶν
941 3834 1061 3901 suspect.
1069 3833 1206 3888 Westcrm.

132 3911 266 3967 ccxciv
290 3910 386 3965 Vitam
403 3909 553 3966 Euschemi
573 3912 675 3969 Suidae
694 3914 789 3969 deberi
808 3912 960 3968 verisimile
985 3915 1104 3984 decepto
1127 3914 1207 3969 libris

57 3991 247 4050 deterioribus
267 3991 369 4046 Athen.
383 3989 448 4044 XlIl
462 4009 489 4060 p.
505 3998 569 4062 571,
588 3995 637 4049 ubi
656 3995 691 4049 dc
709 3997 795 4065 polita
808 3992 939 4064 Ephippo
955 3993 1057 4064 agitur.
1081 3993 1207 4048 Correxit

59 4077 244 4134 casaubonus
263 4073 300 4128 ad
318 4073 420 4129 Athen.
440 4072 505 4126 VllI
523 4090 550 4142 p.
570 4080 621 4130 383

129 4151 250 4210 CCXCV
269 4169 323 4207 om
340 4151 477 4206 Weetcrm.
510 4152 641 4209 Tractavi
655 4154 726 4212 Mus.
741 4154 830 4209 Rhen.
845 4154 993 4212 XXXVII.
1009 4172 1032 4209 c.
1095 4159 1127 4207 17
1148 4149 1206 4207 ἔπι-

54 4239 143 4306 τίμως
161 4235 232 4291 vett.
251 4233 314 4290 edd.
333 4249 367 4286 ex
384 4232 446 4286 Par.
467 4249 535 4288 corr.
550 4234 688 4290 Kustcruc
743 4234 849 4304 ἔγραψε
869 4235 919 4290 καὶ
936 4232 1006 4289 ἄλλα
1023 4239 1045 4286 Δ
1064 4234 1130 4304 post
1149 4231 1206 4302 ίγρ.

54 4316 293 4387 interpunxerunt
311 4312 374 4368 edd.
436 4313 485 4367 nul
503 4309 573 4371 ἄλλα
592 4331 646 4372 om.
664 4320 695 4384 V,
715 4315 750 4373 of.
769 4331 840 4383 quae
859 4315 930 4370 dixit
948 4314 1067 4383 Teuffel,
1086 4313 1141 4370 Lit.
1160 4314 1208 4369 R.³

55 4403 71 4465 ξ
90 4392 160 4465 416,
180 4401 197 4450 8
217 4394 280 4451 coll
299 4394 431 4449 Priscian.
450 4393 476 4462 Ι,
495 4401 512 4450 8

51 4550 55 4557 ¹
131 4475 266 4534 ccxcvl
283 4475 360 4532 uua.
374 4493 401 4547 p.
413 4479 474 4532 292.
493 4475 637 4546 Welcker,
651 4473 698 4530 Gr.
708 4476 793 4546 Trag.
801 4495 829 4547 p.
841 4482 891 4533 967
950 4480 983 4530 18
995 4470 1050 4532 ’Ae
1064 4488 1120 4532 om.
1129 4474 1207 4531 nun
