2880 5054
516 346 520 353 ·
612 331 823 388 HESYCHIUS.
1030 379 1033 385 .
1226 330 1288 395 139

140 505 227 574 ψατσ
267 490 453 579 Σωκράτην
494 489 575 578 μετά
609 490 773 571 Ἀνύτου..
812 498 1006 580 πεποίηνται
1044 491 1081 561 δέ
1113 491 1202 584 αὐτῷ
1235 492 1290 559 καὶ

143 603 339 691 τραγῳδίαι.
384 599 596 685 κατελιθσίθη
622 599 658 666 δὲ
681 597 746 667 ὑπὸ
771 604 839 668 των
860 597 1059 687 Ἀθηναίων.

236 707 354 772 DXIX.
386 705 588 783 Μέλισσος
613 702 732 792 [ὄνομα
752 704 886 794 κύριον]
907 707 989 791 [καλ]
1014 697 1153 792 <οὗτος>
1174 698 1217 794 ἦν
1238 707 1288 774 ἐπὶ

142 818 213 881 τῶν
237 812 398 900 Ζήνωνος
420 814 482 879 τοῦ
503 809 659 880 Ἐλεάτου
682 813 737 879 καί
760 815 1014 901 Εμπεδοκλέονς
1037 814 1169 902 χρόνων
1190 813 1288 900 <καὶ>

145 911 274 1005 [οὗτος]
300 924 422 1008 ἔγραψε
441 920 516 1007 περὶ
534 925 595 987 τοῦ
615 918 720 1000 όντος.
757 921 812 987 καὶ
827 920 1122 988 ἀντεπολιτεύσατο
1138 919 1174 988 δέ
1190 929 1318 1007 Περι-5

142 1036 225 1113 κλεϊ,
249 1028 305 1094 καλ
329 1024 412 1115 ὑπὲρ
433 1033 574 1113 Σαμίων
598 1026 826 1114 στρατηγήσας
845 1027 1053 1115 ἐναυμάχησε
1072 1025 1155 1116 πρός
1177 1035 1290 1113 Σοφο-

146 1138 231 1222 κλῆν
255 1131 315 1202 τόν
337 1132 498 1219 τραγικόν
521 1132 702 1219 ὀλυμπιάδι
721 1132 788 1203 πδ’.
836 1168 839 1173 ·

236 1243 338 1308 DXX.
377 1243 634 1327 [Μένανδρος
654 1239 833 1327 Ἀθηναῖος
855 1240 1000 1329 κωμικὸς
1023 1240 1181 1329 ἀρχαῖος]
1206 1288 1210 1295 ·

222 1348 293 1430 ,καὶ
319 1349 559 1433 Μένανδρος
583 1349 707 1435 ἕτερος,
734 1344 935 1434 Ἀθηναῖος,
959 1347 976 1416 ὁ
1003 1354 1211 1428 Διοπείθους
1238 1351 1293 1416 καὶ
1403 1408 1405 1410 ,

142 1454 377 1542 Ἡγεστράτης,
409 1455 484 1540 περὶ
512 1446 554 1522 οὗ
581 1452 685 1533 πολὺς
712 1453 800 1543 παρά
827 1460 930 1523 πᾶσιν
959 1453 977 1523 δ
1007 1455 1124 1542 λόγος,
1150 1454 1334 1544 κωμικδςιο

147 1566 203 1649 τῆς
229 1563 310 1642 νεάς
332 1566 518 1654 κωμῳδίας,
542 1560 684 1650 στραβὸς
701 1560 759 1642 τάς
778 1560 882 1647 ὄψεις,
902 1560 979 1645 ὀξὺς
999 1562 1036 1631 δὲ
1054 1561 1114 1632 τὸν
1133 1568 1219 1632 νοῦν
1239 1567 1293 1632 καὶ

148 1671 222 1758 περὶ
260 1684 423 1757 γυναῖκας
456 1671 702 1755 έκμανέστατος.
758 1672 904 1758 γέγραφε
941 1675 1117 1762 κωμῳδίας
1151 1670 1207 1759 ρη’
1240 1673 1293 1739 καί

149 1775 323 1858 ἐπιστολάς
345 1775 430 1865 πρὸς
455 1785 667 1863 Πτολεμαῖον
691 1774 912 1862 τὸνβασιλέα
935 1778 990 1845 καὶ
1014 1777 1136 1864 λόγους
1163 1777 1295 1866 ἑτέρους

147 1890 322 1965 πλείστους
344 1885 587 1971 καταλογάδην.
744 1954 745 1958 ,

235 1993 352 2060 DXXJ.
401 1993 641 2080 Μένανδρος
678 1991 864 2071 Λαοδικεὺς
894 1995 953 2079 τῆς
990 1990 1080 2077 παρά
1114 1991 1214 2084 Λάκω
1247 1997 1292 2084 τῷ
1309 2016 1334 2056 15

146 2102 298 2190 ποταμῷ,
327 2098 497 2186 σοφιστής.
544 2104 689 2186 ἔγραψεν
716 2096 897 2185 ’ὑπόμνημα
921 2102 968 2178 είς
989 2097 1052 2184 τὴν
1070 2095 1294 2186 Ἑρμογένους

146 2208 269 2292 τέχνην
292 2207 348 2273 καλ
372 2203 454 2293 <τά>
477 2209 714 2273 Μινουκιανοῦ
737 2204 1023 2292 προγνμνάσματα
1046 2205 1101 2272 καὶ
1125 2203 1217 2273 άλλα.

237 2315 372 2381 DXXII.
410 2315 651 2398 Μένανδρος
673 2317 869 2399 Προτίκτωρ
894 2311 1068 2399 ἱστορικός.

219 2488 235 2535 2
255 2482 302 2536 hio
320 2481 383 2537 add.
404 2482 479 2536 Eud.
500 2479 606 2551 ἔγραψε
622 2479 751 2549 περὶτοῦ
767 2476 855 2542 όντος.
884 2471 920 2550 ἦν
935 2477 982 2536 ἐπὶ
997 2479 1126 2551 Ζήνωνος
1145 2482 1195 2536 καὶ
1209 2485 1294 2552 Περι-

145 2560 247 2624 κλέους
265 2562 314 2616 uui
328 2561 523 2632 Σοφοκλέους,
542 2577 613 2629 quae
628 2558 741 2613 uberius
760 2560 858 2616 eodem
872 2561 934 2616 loeo
950 2561 1052 2616 Suidee
1067 2562 1132 2615 libri
1146 2562 1293 2628 exhibent3

146 2643 184 2696 ud
197 2641 344 2696 Melissum
363 2643 489 2710 spectare
508 2641 615 2711 primus
630 2638 702 2692 vidit
717 2639 949 2706 Hemsterhusius‚
970 2640 1099 2694 distinxit
1115 2640 1228 2698 Gliutou
1242 2643 1259 2697 l.
1271 2659 1293 2696 o.

145 2723 191 2790 (ef.
206 2722 289 2793 Diog.
305 2723 351 2790 IX,
363 2725 418 2792 24),
436 2739 488 2776 nos
506 2720 741 2776 Westermannsm
756 2720 845 2774 secuti
859 2720 896 2774 ud
909 2719 1031 2790 glossam
1046 2720 1186 2784 Μέλισσος
1204 2724 1294 2776 trans-

145 2805 299 2873 posuimus.
336 2805 486 2858 Preeterea
508 2801 552 2855 his
572 2797 700 2853 adiunxit
719 2800 817 2855 Suidus
841 2800 927 2856 schol.
946 2804 993 2856 Ar.
1012 2801 1081 2855 Rau.
1104 2808 1180 2856 1337.
1214 2802 1294 2857 oete-

144 2903 207 2938 mm
226 2898 329 2953 operae
348 2882 470 2952 pretium
488 2880 600 2935 videtur
619 2879 717 2934 afferre
735 2881 821 2934 schol
837 2881 945 2937 Platon.
962 2881 1006 2951 (cf.
1023 2881 1108 2936 etiem
1123 2880 1201 2952 VIp.
1218 2886 1294 2952 228)-

145 2961 278 3032 Μέλητος
301 2962 332 3018 δὲ
358 2964 513 3034 τραγῳδίας
537 2960 645 3031 φαυλος
664 2979 793 3058 ποιητης,
810 2962 896 3034 Θρᾷξ
920 2960 1014 3031 γένος,
1039 2957 1076 3023 ὡς
1098 2956 1295 3030 Ἀριστοφάνης

145 3037 311 3111 Βατράχοις,
330 3045 487 3111 Πελαργοις
501 3041 594 3095 Λαΐου
612 3035 781 3109 νίόναότὸν
799 3042 897 3110 λέγων,
918 3032 1015 3096 ἐπεὶ
995 3064 1015 3115 μ
1036 3040 1093 3096 ἔτει
1113 3038 1295 3111 οίΠελαργσὶ

146 3120 345 3188 ε’δίδασκοντσ,
364 3117 444 3175 καλ
433 3123 594 3190 σΜέλητσς
609 3117 795 3175 Οἰδιπόδειον
816 3117 972 3190 έθηκεν,ι
955 3142 992 3183 ως
1008 3117 1191 3190 Ἀριστοτέλης
1206 3123 1294 3174 Διδα-

146 3204 281 3264 σκαλίαις.
321 3197 352 3256 έν
381 3200 413 3256 δὲ
440 3206 581 3271 Γεωργοῖς
609 3196 646 3262 ὡς
671 3204 796 3255 Καλλίαν
821 3202 1005 3268 περαίνοντος
1032 3196 1121 3256 αάτοῦ
1147 3201 1293 3273 μέμνηται.

146 3282 286 3353 μέμνηται
306 3277 395 3337 αὐτοῦ
414 3281 463 3337 καὶ
481 3282 587 3342 Λυσίας
607 3276 639 3334 έν
657 3278 828 3350 Σωκράτους
847 3277 986 3356 άπολογίμ

217 3362 310 3416 ΒΧΙΧ
346 3353 465 3424 Βοῦτσς
483 3362 556 3417 hie
547 3362 663 3429 inserui,
683 3361 756 3416 infru
774 3360 907 3430 expunxi,
927 3361 976 3413 κοιλ
993 3360 1066 3413 infra
1085 3360 1183 3481 scripsi

149 3439 233 3497 'Ins'
253 3442 346 3512 poscit
362 3443 530 3513 Bernhardy

217 3522 296 3577 DXX
323 3524 398 3579 Εκιί.
422 3543 449 3593 p
469 3529 521 3579 498
544 3522 667 3593 priorem
689 3523 803 3592 ροό7εω
827 3520 907 3574 unice
931 3539 981 3575 nos
1006 3520 1120 3574 Suidee
1136 3522 1222 3576 errori
1247 3523 1295 3576 de-

146 3605 212 3658 bere
236 3605 376 3674 persuasit
396 3606 534 3660 ΜιίνιοίιιΙ
557 3623 584 3673 p
599 3610 651 3659 270
737 3609 753 3656 8
773 3622 895 3672 κωμικσς
914 3624 947 3641 ⁴-
968 3596 1115 3670 Ἀθηναιος
1138 3620 1295 3673 expungere
1317 3634 1321 3642 ·

147 3682 257 3738 mavult
269 3683 438 3755 Bernhardy
473 3684 522 3739 καὶ
536 3687 565 3738 et
580 3683 674 3753 ἕτερος
688 3683 772 3737 Daui>
827 3681 996 3751 Μένανδρος
1015 3682 1056 3736 uli
1044 3685 1134 3735 terum
1150 3701 1204 3741 om.
1219 3685 1294 3739 Εκιί.

147 3769 163 3817 9
183 3759 197 3817 ὁ
217 3761 284 3817 add.
303 3767 378 3815 ARV
397 3779 450 3817 om.
465 3765 537 3832 υιιίμ.
552 3763 628 3817 Eud.
685 3768 717 3816 10
732 3759 948 3832 Ἡγησιστράτης
966 3765 1037 3833 vulp.
1053 3764 1128 3834 Εκιί.
1150 3759 1247 3834 (Ἡγισ.
1262 3769 1294 3834 Ε)

148 3847 221 3897 reete
237 3846 315 3895 ABV
371 3849 402 3896 11
421 3840 481 3898 ἔστι
500 3840 532 3897 δέ
548 3842 596 3910 τῆς
615 3839 682 3904 νέας
701 3844 849 3912 κωμῳδίας
861 3843 936 3897 Eud.
994 3850 1025 3896 12
1042 3840 1087 3912 ργ’
1101 3848 1136 3908 Ε;
1156 3843 1190 3897 of.
1209 3844 1294 3898 etiam

148 3922 218 3978 Geli.
238 3921 327 3990 XVII,
346 3927 402 3990 4,5
422 3934 425 3940 '
461 3929 493 3977 13
514 3918 616 3989 ἑτέρων
635 3919 688 3976 δύο
703 3929 733 3977 V.
764 3921 893 3976 Ceterum
912 3941 931 3977 s.
951 3924 999 3976 fin.
1018 3923 1112 3991 plures
1126 3922 1294 3977 Menandros

148 4004 326 4072 perturbatos
345 4020 405 4058 esse
423 4004 601 4075 Βονκλσνάμ,
621 4003 657 4056 ed
676 4003 817 4056 rhetorem
835 4001 905 4057 hueo
923 4002 1010 4057 referi
1029 4003 1188 4057 Gutsohmid

217 4083 309 4137 DXXI
328 4084 403 4139 Εκιί.
422 4102 449 4154 p
465 4090 516 4138 497
574 4090 606 4137 16
631 4083 807 4150 σοφιστοῦΔ
864 4081 904 4138 Of.
924 4101 949 4138 v
965 4078 1143 4153 Ἑρμογένης.
1207 4089 1238 4137 17
1259 4078 1292 4136 τά

149 4163 210 4219 add
231 4164 317 4218 Daub
390 4164 439 4218 καὶ
457 4158 527 4218 άλλα
546 4180 599 4219 om.
616 4169 639 4215 V

217 4242 324 4298 DXXII
337 4243 413 4298 Eud
424 4261 452 4335 p.
462 4250 513 4298 493
517 4261 609 4313 ,quoe
623 4242 711 4297 ulem
721 4241 808 4296 vitam
820 4242 946 4298 exhibet:
963 4240 1068 4336 ἔγραψε
1081 4241 1153 4311 [cod
1165 4237 1212 4313 τά]
1224 4238 1293 4312 μετὰ

150 4319 200 4392 τὴν
215 4319 374 4394 άποβίωσιν
388 4342 439 4378 τον
426 4286 623 4392 ΜἍγαδίσν,
604 4341 668 4392 ητοι
679 4312 737 4392 [l.
719 4341 755 4390 ην
770 4320 814 4392 δὲ]
827 4319 1004 4393 διάδοχος
972 4344 1021 4392 της
1037 4317 1175 4377 ἐκείνου
1162 4325 1293 4393 ιστσρίας,

115 4410 118 4415 ’
149 4421 232 4471 qnam
252 4401 459 4472 Hesychiensm
475 4418 537 4458 osse
556 4403 615 4457 dixi
632 4402 742 4457 Uniers
763 4420 789 4470 p.
811 4409 857 4471 61,
877 4404 947 4458 Mus.
966 4404 1054 4456 Rhen.
1074 4402 1221 4473 XXXVp.
1242 4410 1294 4459 218

150 4486 179 4538 ο7
195 4489 262 4552 779;
282 4481 446 4538 adversatus
466 4484 510 4541 ent
526 4482 637 4552 Rohdo,
661 4481 698 4538 ib.
718 4481 835 4539 XXXIV
852 4500 880 4554 p.
896 4489 947 4541 573
1021 4489 1053 4538 18
1074 4485 1138 4558 post
1156 4479 1295 4558 ἱστορικός
