2910 5056
569 303 781 360 HESYCHIUS.
1202 301 1245 365 49

95 466 153 555 τής
173 467 210 535 δὲ
229 465 334 536 αύτοῦ
354 465 520 553 διαφανής
536 467 664 552 ἐγένετο
685 464 916 553 Μητρόδωρος
936 461 954 530 ὁ
975 471 1066 549 Χῖος,
1087 453 1127 530 οῦ
1146 461 1246 530 πάλιν

94 571 255 661 άκροαταλ
277 570 477 661 Ἀνάξαρχος
502 573 558 640 καὶ
575 569 793 656 Ἱπποκράτης
816 568 833 638 ὁ
860 571 980 657 ἰατρός.
1018 569 1183 657 ἐπεκλήθη
1209 569 1247 636 δέ

95 684 212 767 Σοφία
237 677 254 746 ὁ
278 678 504 767 Δημόκριτος,
526 679 582 745 καὶ
602 683 782 758 Γελασίνος
807 677 874 762 [δὲ]
900 677 955 745 διά
980 677 1016 746 τὸ
1040 681 1141 764 γελᾶν
1164 674 1247 763 πρὸς

95 785 134 854 τὸ
168 785 400 854 κενόσπουδον
434 788 503 852 τῶν
531 781 733 868 άνθριάπων.
782 783 905 871 γνήσια
937 783 974 851 δὲ
1002 781 1106 851 αύτοῦ
1133 789 1246 870 βιβλία

97 892 162 960 είσὶ
187 891 269 978 δύο,
293 889 311 959 ὅ
334 918 368 959 τε
392 892 493 977 μέγας
517 891 699 978 διάκοσμος
721 891 776 958 καὶ
799 890 837 958 τὸ
860 892 935 977 περὶ
959 891 1091 978 φύσεως
1109 890 1273 977 κόσμου-ἐ

97 1003 220 1087 ἔγραφε
244 998 359 1067 δὲκαὶ
384 997 563 1078 ἐπιστολάς.

188 1107 388 1173 CLXXXIX.
416 1105 684 1190 Δημοσθένης
699 1102 888 1190 Ἀθηναῖος,
908 1103 982 1184 υίὸς
1001 1106 1248 1192 Δημοσθένους

96 1211 153 1278 καὶ
185 1210 414 1297 Κλεοβούλης,
454 1210 579 1297 ῥήτωρ,
611 1216 680 1279 νῦν
713 1210 829 1298 δήμων
862 1213 1060 1297 Παιανιεύς,
1095 1208 1247 1298 ἐπιμελής

97 1322 226 1406 μᾶλλον
245 1314 264 1404 ή
285 1315 425 1404 εῦφυής,
449 1315 494 1396 ὡς
503 1316 689 1407 Ἕρμιππος
708 1321 843 1407 ίστορεῖ,
866 1318 921 1385 καὶ
943 1317 1025 1403 πρὸς
1043 1317 1102 1397 τάς
1123 1315 1248 1404 ἡδονάς

97 1423 295 1510 ἀκόλαστος,
319 1422 364 1504 ὡς
387 1425 442 1493 καὶ
465 1424 565 1493 τοῦτό
590 1445 695 1512 φησιν
718 1422 735 1492 δ
762 1424 869 1505 αῦτός.
903 1423 986 1493 ὅθεν
1010 1426 1065 1493 καὶ
1087 1425 1162 1504 νέος
1185 1423 1245 1511 μὲν
1261 1443 1286 1482 1⁰

99 1528 149 1601 ιδν
173 1531 324 1611 Βάταλος
351 1532 476 1619 ἐκλήθη
506 1529 551 1612 ὡς
578 1533 632 1600 καὶ
656 1538 828 1622 γυναικείᾳ
852 1533 969 1618 ἐσθῆτι
992 1531 1151 1611 πολλάκις
1173 1557 1248 1618 χρη-

98 1637 258 1726 σάμευος,
285 1637 402 1726 Ἀργάς
430 1639 467 1707 δέ
495 1638 575 1727 μετά
599 1637 636 1707 τὸ
660 1644 707 1718 είς
730 1637 858 1723 ἄνδρας
879 1640 1024 1725 τελέσαι,
1054 1637 1134 1726 ὅπερ
1159 1639 1249 1706 ἐστὶν

100 1744 209 1832 ὄνομα
233 1744 349 1832 ῦφεως.
382 1746 572 1834 ἐπεθύμησε
596 1746 633 1813 δέ
657 1748 832 1835 ῥητορικῆς
850 1752 1103 1834 Καλλίστρατον
1126 1746 1250 1813 θεασά-

101 1880 202 1941 μενος
238 1852 297 1921 τὸν
335 1852 468 1941 ῥήτορα.
497 1851 580 1939 ὑπὲρ
610 1851 784 1938 Ὠρωπίων
817 1855 966 1939 λε’γοντα.
1022 1853 1180 1939 διήκουσε
1214 1838 1251 1920 δὲ

95 1959 226 2029 Ἰσαίου
257 1964 317 2029 τοῦ
347 1959 557 2044 Ἰσοκράτους
588 1964 758 2047 μαθητοῦ,
795 1961 850 2027 καὶ
882 1973 951 2039 τοῖς
986 1958 1097 2045 λόγοις
1130 1963 1247 2048 ἐχρῆτο
1264 1977 1289 2016 ¹⁵

99 2074 234 2136 Ζωίλου
247 2071 307 2137 τοῦ
320 2064 558 2154 Ἀμφιπολίτου
570 2066 829 2154 σοφιστεύοντος
843 2069 879 2135 ἐν
892 2064 1059 2154 Ἀθήναις,
1071 2068 1126 2134 καὶ
1140 2075 1252 2135 Πολυ-

97 2174 253 2260 κράτους,
276 2176 330 2242 καὶ
351 2173 609 2260 Ἀλκιδάμαντος
631 2177 692 2242 τοῦ
716 2178 863 2260 Γοργίου
882 2177 1047 2260 μαθητοῦ,
1071 2175 1126 2242 καὶ
1146 2173 1251 2243 αὐτοῦ

98 2284 215 2370 με’ντοι
234 2279 452 2368 Ἰσοκράτους.
491 2279 776 2367 συνεφιλολόγησε
801 2279 838 2347 δὲ
858 2285 1002 2348 Αίσίωνι
1020 2287 1065 2373 τῷ
1082 2278 1251 2373 Ἀθηναίῳ

100 2388 158 2457 καὶ
178 2387 362 2479 Θεοπόμπῳ
381 2392 426 2478 τῷ
446 2394 517 2480 Χίῳ
537 2387 725 2478 φιλοσόφῳ,
746 2387 969 2473 διηκροάσατο
990 2387 1101 2455 δὲκαὶ
1120 2385 1252 2470 Εύβου-

98 2502 199 2566 λίδου
221 2501 282 2565 τοῦ
307 2499 515 2564 διαλεκτικοῦ
541 2495 596 2563 καὶ
621 2494 812 2574 Πλάτωνος.
858 2494 1045 2582 ἐτελεύτησε
1069 2494 1107 2562 δέ
1130 2493 1248 2581 φυγάν
1263 2511 1288 2551 ²⁰

100 2609 149 2684 είς
172 2609 370 2688 Καλαυρίαν
399 2605 436 2670 ἐν
462 2606 507 2694 τῷ
539 2607 598 2670 τοῦ
618 2606 840 2680 ’Ποσειδῶνος
870 2604 947 2692 ἱερῷ
978 2600 1033 2668 διά
1056 2601 1116 2669 τὸν
1140 2609 1252 2670 Μακε-

101 2710 190 2779 δόνα
202 2707 429 2797 Ἀντίπατρον,
448 2707 755 2796 προσενεγκάμενος
774 2708 951 2796 φάρμακον
969 2707 1006 2777 τδ
1024 2709 1060 2776 ἐν
1074 2712 1119 2801 τῷ
1134 2714 1252 2777 δακτυ-

99 2822 174 2907 λίφ,
199 2821 254 2902 ἐτη
278 2815 403 2902 βιύσας
427 2802 486 2901 ξβ.Ι

193 2924 286 2991 CXC.
325 2924 592 3009 Δημοσθένης
623 2925 721 3012 Θρᾷξ.
768 2914 864 3003 οὗτος
893 2929 1015 3010 ἔγραφε
1046 2924 1254 3012 μετάφρασιν

82 3030 243 3109 ’Ἰλιάδος
277 3033 359 3121 πεζῷ
392 3028 497 3120 λόγω,
535 3028 695 3116 ἐπιτομήν
727 3033 794 3097 των
829 3030 1035 3123 Δαμαγήτου
1067 3036 1127 3098 τοῦ
1156 3029 1293 3118 Ἡρα-26

98 3136 261 3224 κλεώτου,
284 3137 359 3225 περὶ
379 3139 691 3222 διθυραμβοποιῶν,
715 3135 923 3223 μετάφρασιν
947 3142 993 3217 είς
1010 3137 1078 3228 τὴν
1093 3135 1253 3206 Ἡσιόδου
1315 3172 1318 3177 ·

102 3249 299 3331 θεογονίαν.

176 3423 189 3470 1
206 3417 258 3471 τοῦ
274 3412 305 3470 δὲ
322 3430 374 3470 om.
385 3409 497 3468 noiiwv
552 3413 678 3467 2faleum
688 3412 718 3466 id
741 3429 801 3467 esee
814 3414 848 3467 de
860 3413 1030 3483 Hippocrate
1041 3415 1097 3469 Coo
1107 3416 1252 3468 narratum

101 3496 213 3550 monuit
222 3495 376 3561 Ειίιιεείαε,
390 3492 434 3547 his
449 3493 577 3547 adiunxit
588 3492 687 3547 Suidee
699 3495 830 3560 excerpta
843 3511 874 3546 ox
886 3492 968 3564 Diog.
980 3494 1066 3561 ΙΧ,37
1078 3497 1107 3549 et
1118 3502 1159 3550 42.
1176 3494 1253 3548 Cete-

29 3586 35 3597 ¹
102 3592 165 3629 rum
185 3575 220 3630 of.
242 3574 342 3628 Suidee
362 3573 484 3642 glossam
502 3568 691 3640 κρατνντήρια
711 3590 744 3625 ex
764 3571 889 3642 Diogene
909 3574 926 3627 l.
947 3592 968 3628 ο.
990 3575 1121 3644 petitam:
1147 3573 1254 3645 ἔγραψε

104 3661 177 3725 Δημ.
193 3651 209 3709 ὁ
223 3648 292 3727 Ἀβδ.
308 3653 423 3723 βιβλίον,
438 3646 508 3721 ὅπερ
524 3649 599 3706 ἐστὶν
615 3647 788 3721 ἐπικριτικῦν
804 3651 917 3707 πάντων
932 3655 988 3708 τῶν
999 3655 1166 3723 γραφέντων
1178 3651 1255 3728 αύτῷ

104 3737 221 3807 βιβλίων
276 3738 292 3787 3
313 3730 344 3786 δὲ
363 3749 397 3786 ex
411 3737 434 3783 A
453 3733 516 3786 add.
533 3733 622 3799 Gaios.
681 3739 698 3785 4
717 3731 748 3788 δὲ
768 3736 832 3801 poet
851 3730 951 3802 γνήσια
972 3738 1000 3789 ολ
1020 3733 1125 3804 ἐγραψε
1147 3752 1200 3789 om.
1215 3741 1238 3787 V

177 3812 342 3869 CLXXXIX
365 3817 381 3865 8
400 3808 450 3866 τόν
469 3814 559 3882 δῆμον
577 3815 649 3881 νκλμ.
670 3814 725 3866 τῶν
744 3809 840 3882 δήμων
859 3818 909 3866 Av
1000 3821 1015 3868 9
1036 3816 1070 3869 de
1090 3810 1200 3885 εύφυής
1221 3817 1255 3872 of.

108 3890 245 3964 Δημάδης
265 3896 294 3947 et
312 3893 382 3946 coni.
402 3892 545 3948 Ruhnken.
623 3889 693 3960 πρὸς
712 3893 776 3947 add.
795 3899 845 3946 Av
864 3911 917 3948 om.
937 3895 985 3949 rel.
1072 3901 1102 3948 11
1124 3896 1173 3951 καὶ
1192 3900 1256 3952 ante

108 3996 169 4044 γον.
188 3973 292 4028 addo
312 3990 364 4029 om.
384 3973 433 4028 rel.
500 3979 531 4027 12
550 3969 682 4040 άνδροιΔ
748 3979 780 4027 15
798 3969 937 4042 o‘poot'ooV
997 3981 1029 4030 17
1052 3978 1205 4046 Γρηγορίον
1224 3985 1256 4045 V,

107 4056 157 4126 qui
175 4074 242 4111 mox
262 4072 317 4109 om.
336 4052 386 4108 καὶ
404 4049 492 4107 αύτοῦ
514 4085 545 4092 -
563 4048 739 4121 Ἰσοκράτους

179 4132 251 4190 CXC
276 4133 316 4187 Cf.
336 4133 431 4203 Dauo,
452 4133 531 4188 stud.
550 4153 576 4203 p.
597 4139 631 4188 85
642 4150 698 4203 seq.
772 4140 807 4187 24
822 4129 982 4205 Ιμεταβολάς
1004 4130 1165 4196 Ὀδυσσείας
1184 4134 1253 4190 coni.

113 4215 291 4282 Valckeoaer,
310 4213 360 4283 Op.
376 4213 402 4266 II
419 4233 446 4283 p.
464 4221 514 4268 116
533 4215 619 4268 verba
637 4213 686 4268 καὶ
707 4211 867 4276 Ὀδυσσείας
888 4217 953 4283 poet
973 4209 1088 4276 Ἰλιάδος
1111 4215 1257 4269 inserenda

110 4294 224 4365 putavit
241 4294 340 4360 Ειλνε,
360 4293 586 4349 Pindoreoholion
605 4314 632 4364 p.
652 4301 683 4348 51
767 4301 800 4349 25
820 4295 869 4349 τοῦ
890 4302 962 4362 Δαμ.
981 4295 1088 4362 υιιλμ.Β
1108 4296 1162 4348 τῶν
1182 4301 1255 4364 Δαμ.

110 4378 162 4428 Av
186 4373 221 4428 de
241 4379 314 4444 Δαμ,
330 4368 387 4442 ‘Hp
408 4374 442 4429 of.
462 4392 486 4429 v.
509 4376 668 4445 Τιμαγένης
740 4382 773 4429 20
794 4375 828 4428 de
847 4375 901 4428 hoo
919 4374 990 4427 libro
1011 4374 1044 4430 cf.
1065 4393 1155 4430 meam
1176 4377 1254 4429 seho-

108 4454 213 4511 liorum
232 4452 434 4508 Hesiodeorum
454 4454 607 4510 editionem
625 4474 651 4525 p.
674 4461 723 4508 141

166 4553 317 4606 Ennomus,
332 4553 366 4595 οδ
380 4553 459 4594 mach.
1029 4551 1045 4599 4
