2910 5056
567 330 781 388 HESYCHIUS.
1201 331 1244 396 59

193 496 383 564 CCXXVII.
425 499 534 561 Δίων
573 491 591 561 5
625 491 774 574 Κάσσιος
806 497 1074 581 χρηματίσας,ο
1057 490 1245 580 δέπίκλην

100 601 320 690 Κοκκήιος(ο
324 601 387 669 ίδὲ
403 600 639 690 Κοκκηιανός),
656 599 814 685 Νικαεύς,
835 598 1009 688 ἱστορικός,
1028 599 1174 687 γεγονὼς
1192 601 1245 669 ε’ττὶ

98 712 170 776 τῶν
198 707 332 796 χρόνων
356 707 579 796 Ἀλεξάνδρου
606 712 667 776 τοῦ
694 713 864 794 Μαμαίας.
915 713 1038 794 ἔγραψε
1059 704 1246 794 Ῥωμαϊκὴν

101 820 255 903 ἱστορίαν
279 817 315 882 ἐν
332 820 477 900 βιβλίοις
495 814 533 882 π’
553 816 778 902 (διαιροῦνται
800 814 837 881 δὲ
856 812 937 881 κατά
957 813 1127 904 δεκάδας),
1140 814 1147 905 Ι
1160 824 1244 899 Περ-

99 921 189 1007 σικά,
208 927 240 988 Γ
236 919 335 1005 ετικά,
350 921 356 1012 Ι
374 919 519 1007 Ἐνόδια,
537 919 577 988 τά
596 918 678 989 κατά
697 919 877 1007 Τραϊανόν,
896 926 972 1007 βίον
988 918 1167 1008 Ἀρριανοῦ
1185 926 1272 991 τοῦδ

100 1029 303 1118 φιλοσόφου.

192 1156 398 1224 ΟΟΧΧἯΙΙ.
428 1156 539 1222 Δί’ων
561 1153 577 1223 5
602 1154 835 1239 Πασικράτους
854 1154 1062 1242 Προυσαεός,
1087 1152 1247 1241 σοφιστὴς

98 1264 155 1331 καὶ
187 1262 388 1349 φιλόσοφος,
420 1258 460 1328 δν
490 1261 731 1348 Χρυσόστομον
764 1261 932 1330 ἐκάλεσαν.
978 1259 1183 1330 άντειτοιελτο
1209 1260 1246 1328 δὲ

99 1369 317 1457 σεμνότητος,
346 1366 392 1448 ὡς
413 1370 468 1436 καὶ
492 1372 632 1455 λεοντῆν
655 1372 772 1456 φοράν
796 1369 957 1454 προιέναι.
1003 1360 1046 1456 ἦν
1070 1367 1107 1436 δέ
1131 1367 1247 1448 λεπτὸς

99 1476 139 1546 τὸ
160 1481 264 1564 σῶμα,
283 1477 339 1544 καὶ
359 1477 505 1562 διέτριψε
524 1474 561 1542 τὸ
580 1482 735 1542 πλεῖστον
752 1474 842 1563 παρὰ
859 1480 1013 1566 Τραϊανῷ
1028 1479 1072 1567 τῷ
1089 1480 1245 1563 Καίσαρι,
1261 1493 1286 1532 1⁰

100 1583 148 1666 ὡς
168 1586 224 1652 καὶ
248 1585 514 1669 συγκαθέζεσθαι
538 1583 574 1650 ἐν
602 1585 647 1672 τῷ
671 1584 831 1672 βασιλικῷ
856 1579 1004 1668 ὀχήματι.
1050 1587 1194 1669 ἔγραψεν
1219 1587 1249 1651 εί

101 1689 256 1778 φθαρτὸς
280 1688 298 1759 5
316 1690 452 1776 κόσμος,
476 1688 640 1776 ἐγκώμιον
654 1686 856 1775 Ἡρακλέους
875 1689 929 1755 καὶ
948 1688 1141 1774 Πλάτωνος,
1164 1687 1247 1777 ὑπὲρ

96 1797 244 1886 Ὁμήρου
266 1796 351 1893 πρὸς
369 1788 536 1865 Πλάτωνα
561 1796 605 1881 δ’,
631 1796 705 1882 περὶ
728 1800 796 1862 τῶν
811 1793 1032 1881 Ἀλεξάνδρου
1055 1795 1182 1881 άρετῶν
1206 1799 1249 1883 η’.

193 1924 367 1992 OOXXIX.
405 1929 438 1988 Λ
449 1949 460 1987 ι
471 1920 496 1988 5
508 1923 524 2000 ξ
536 1948 546 1986 ι
557 1945 580 1987 α
590 1945 613 1987 ττ
624 1948 641 1987 ο
653 1947 670 1999 ς
693 1919 872 2005 Ἀθηναῖος
899 1919 1051 2006 κωμικός.
1097 1919 1248 2015 δράματα

100 2027 207 2098 αὐτοῦ
228 2026 564 2115 Ἀντιτιορνοβοσκός,
588 2026 810 2116 Φιλάργυρος,
825 2022 1106 2116 Ἱστοριογράφος,
1130 2031 1245 2094 Διαδι-
1263 2046 1287 2085 15

101 2135 287 2223 καζόμενοι.

99 2295 313 2306 --.-——--

102 2411 182 2453 τινας
200 2389 264 2444 add.
280 2388 356 2443 Eud.
378 2383 473 2460 [ἄλλα]
492 2388 542 2442 καὶ
562 2383 710 2456 διαλόγους
728 2384 848 2451 πολλοῦς
866 2386 939 2444 κατὰ
957 2391 1071 2460 μίμησιν
1087 2385 1247 2456 Πλάτωνος,

103 2488 175 2541 qnae
196 2470 282 2525 verbe
302 2472 351 2523 aut
369 2486 435 2523 casu
454 2470 529 2538 apud
548 2469 663 2524 Suidam
681 2468 855 2524 intercidisse
878 2469 1028 2538 suiipsius
1046 2468 1187 2523 Eudooiae
1206 2468 1248 2522 in-

100 2551 184 2621 genio
199 2550 330 2618 suppleta
344 2566 404 2604 esse
418 2548 541 2604 obtinuit
552 2548 645 2603 Daui).
675 2548 918 2620 operaepretium
933 2552 974 2605 est
989 2550 1145 2605 adscribere
1161 2550 1247 2604 sobol.

100 2632 210 2686 Platon.
227 2629 267 2684 VI
284 2648 311 2698 p.
327 2636 379 2685 390
393 2631 500 2685 Herm:
522 2631 597 2683 Δίων
617 2625 631 2683 5
651 2628 859 2698 Συρακούσιος,
874 2625 1038 2697 Ἱππαρίνου
1057 2627 1109 2699 μὲν
1127 2625 1190 2690 υίὸς
1204 2621 1248 2698 ἦν,

101 2708 279 2781 άνεψιαδοῦς
305 2709 336 2766 δὲ
361 2714 514 2766 Διονυσίου
538 2713 588 2764 τοῦ
612 2709 763 2777 προτέρου,
791 2707 863 2765 κατά
888 2709 919 2766 δὲ
943 2708 1104 2779 οἰκειότητα
1126 2710 1176 2779 τῆς
1201 2729 1247 2778 γυ-

100 2789 200 2854 ναικὸς
217 2786 306 2846 αάτοῦ
320 2786 512 2860 Ἀριστομάχης
526 2785 660 2859 ἀδελφός,
682 2787 788 2866 εῦφυίμ
807 2790 839 2847 δὲ
859 2792 908 2846 καὶ
922 2793 1116 2862 μεγαλοψυχίᾳ
1135 2790 1183 2844 καλ
1203 2810 1248 2857 ‹pr-

98 2948 189 3006 ὄντων
209 2947 283 3023 αὐτῷ
307 2951 362 3004 τῶν
384 2949 450 3015 περὶ
470 2951 580 3016 Δι’,ανα
609 2952 693 3017 τριῶν
717 2949 769 3022 μὲν
792 2950 876 3022 νῑῦν,
901 2954 986 3021 τριῶν
1012 2949 1044 3006 δὲ
1071 2949 1248 3023 θυγατέρων

97 3032 237 3087 τελευτῶν
262 3027 312 3085 τὸν
338 3032 400 3101 βίον
429 2991 581 3124 ἒπίτροποῦ
607 3029 760 3086 Διονύσιον
779 3031 948 3100 κατέστησεν
967 3027 1109 3087 ocurras*
1093 3052 1176 3100 οντα,
1200 3030 1249 3124 uoci

98 3110 152 3176 τοὶς
170 3117 307 3181 γυναῖκας
322 3105 388 3208 ἅμα
401 3107 519 3172 καὶτὰς
537 3106 624 3179 κόρας
643 3109 761 3180 διέθηκε
782 3113 881 3206 χῆμαι,
908 3107 1102 3208 Ἀριστομάχην
1121 3075 1176 3181 μὲν,
1196 3106 1248 3178 τὴν

97 3188 295 3266 πρεσβυτάτην
318 3186 419 3258 αὐτόν,
446 3187 496 3254 τάς
519 3190 551 3246 δὲ
574 3188 674 3252 λὀιποὶς
698 3198 756 3288 τρῖς
779 3186 914 3258 άδελφοις
938 3190 1027 3246 αὐτοῦ
1054 3193 1170 3260 δοῦναι,
1196 3198 1248 3246 Λε-

80 3275 185 3343 Ιτττίνη
210 3291 240 3327 τε
266 3271 315 3326 καὶ
339 3273 473 3341 Θεαρίδη.
515 3270 563 3324 καὶ
589 3263 663 3340 οῦτῳ
688 3269 786 3340 γέγονε
814 3269 1015 3341 τελευτησάσης
1040 3271 1089 3340 τῆς
1112 3274 1248 3368 Λοκρίδος

100 3348 191 3407 αῦτοῦ
210 3347 412 3421 γυναικόςμι
379 3346 412 3405 iu
426 3351 455 3418 (l.
472 3341 542 3420 ἐξ)
526 3371 559 3419 ης
576 3345 755 3419 ἒγεγονει
718 3371 795 3405 αντω
811 3347 1155 3421 Διονύσιοςὸνεάτερος,
1174 3346 1247 3419 ὁμά-

98 3452 188 3503 ννμος
211 3426 289 3505 αὐτῷ
313 3428 382 3494 υἱός
422 3430 522 3487 Totum
547 3430 672 3486 scholion
701 3429 735 3483 de
759 3406 899 3500 liesyohio
926 3431 1047 3501 pendere
1074 3433 1149 3486 reete
1176 3431 1249 3488 vidit
1308 3463 1311 3471 ,

104 3511 255 3578 Μτίίααιν,
275 3511 309 3566 de
328 3511 415 3565 sohol.
434 3511 506 3566 Plat.
524 3530 551 3580 p.
571 3516 605 3565 59

173 3591 295 3647 CCXVII
313 3592 389 3648 Εκά.
404 3599 501 3662 p.223.
526 3592 566 3646 cf.
582 3610 607 3646 v.
622 3588 801 3661 Κοκκηιανός
860 3588 1086 3654 2Κοκκιάνοςῗ
1137 3589 1184 3647 ἐπὶ
1200 3589 1247 3648 'At

99 3673 152 3727 τοῦ
171 3672 310 3742 Μαμαίας
324 3688 400 3726 more
419 3672 503 3727 solito
521 3673 598 3727 an.
675 3670 869 3742 3ΜαμέουΔ
924 3668 1079 3740 σνντέθηκε
1100 3674 1175 3729 Eud.

100 3758 119 3807 4
141 3745 235 3819 ὥσπερ
258 3749 376 3806 καὶτοῦ
396 3752 562 3824 Παταβινοῦ
582 3754 682 3826 Λιβίου
705 3755 771 3822 post
793 3749 918 3813 δεκάδας
940 3751 1003 3807 add.
1023 3752 1099 3809 Ειιά.
1176 3758 1247 3822 Περ·

101 3828 167 3887 τινά
191 3829 310 3887 Dinonis
335 3847 407 3900 esse,
435 3849 518 3900 quem
544 3850 608 3887 erun
635 3833 724 3888 Dione
750 3833 920 3900 confuderit,
948 3832 1057 3886 monuit
1081 3833 1248 3900 Gutsobmid,

104 3907 206 3968 Γετικά
229 3911 336 3982 primus
362 3911 425 3968 add.
450 3906 554 3979 Aldus,
577 3914 711 3982 expunxit
729 3913 879 3979 Kusterus‚
905 3910 953 3979 qui
977 3914 1051 3966 reete
1075 3912 1111 3965 ad
1130 3914 1248 3968 Dionem

103 3991 332 4062 chrysostomum
350 3991 460 4046 rettulit
478 3992 540 4048 ooll.
560 3993 720 4050 Philostrat.
739 3993 796 4048 Vit
816 3995 843 4059 Ι,
863 3999 878 4048 7

173 4071 336 4127 CCXXVIII
354 4072 429 4127 Eud.
449 4090 476 4140 p
496 4078 547 4127 239
572 4077 629 4140 φιλ.
653 4074 702 4129 καὶ
725 4093 789 4142 σοφ
809 4075 884 4128 Eud.
923 4074 1041 4139 Πασικρ
1060 4069 1123 4135 υίὸς
1145 4063 1181 4140 ἦν
1201 4069 1247 4127 έπλ

104 4156 183 4247 Τραι
202 4152 279 4247 Εμά.
353 4158 385 4206 12
404 4151 452 4206 καὶ
472 4150 623 4217 Πλάτωνος
643 4172 696 4209 om.
712 4155 787 4209 Ειιά.
851 4160 882 4208 13
901 4149 1002 4221 λόγους
1020 4149 1245 4220 τέσσαραςΕαά.

100 4227 236 4301 λόγοος’
220 4227 294 4287 οκτώ
314 4230 363 4285 καὶ
380 4225 451 4285 ἄλλα
470 4233 545 4288 Εαιί

173 4320 308 4378 COXXIX
327 4320 402 4375 Eud.
421 4338 448 4388 p.
468 4327 520 4376 229
527 4341 624 4391 ‚quse
642 4325 716 4377 male
731 4320 873 4387 Δέξιππος
891 4320 1007 4388 praebet
1062 4325 1095 4372 14
1114 4319 1188 4374 idem
1207 4321 1247 4375 vi-

100 4398 172 4455 iinm
191 4400 306 4459 Suidam
329 4419 354 4454 τ.
374 4404 541 4467 Κωρνκαιος
564 4403 673 4458 obsidet
692 4402 776 4472 (unde
801 4418 869 4455 corr.
889 4397 996 4454 Fabrio.
1016 4397 1086 4453 Bibl.
1111 4414 1202 4468 graec.
1223 4400 1247 4455 ΙΙ

100 4496 129 4548 p.
148 4482 224 4550 436),
249 4479 284 4534 de
303 4496 358 4549 quo
377 4497 402 4537 v.
421 4479 551 4538 Meineke
569 4483 583 4536 Ι
600 4502 626 4554 p.
647 4488 713 4550 485,
731 4482 826 4552 Daub,
845 4481 880 4535 ds
899 4478 971 4534 Viol.
991 4499 1018 4551 p.
1039 4487 1071 4534 15
