2910 5056
646 289 860 346 HESYCHIUS.
1282 295 1323 358 91
1384 341 1388 348 .

176 452 308 539 πρῶτος
335 448 471 539 ἠράσθη
499 449 619 531 παιδὸς
637 448 814 538 ’Ῥμεναίου
836 450 1002 539 τούνομα,
1030 456 1108 520 υίού
1132 453 1326 541 Καλλιόπης

177 557 234 626 καὶ
254 555 448 643 Μάγνητος·
474 560 509 624 οί
527 557 564 625 δέ
582 557 700 644 Κρῆτά
719 564 805 645 φασί
820 585 896 626 τινα
920 558 1060 628 Τάλωνα
1071 557 1326 648 Ῥαδαμάνθυος

177 667 380 754 ἐρασθῆναι·
405 666 440 731 οί
462 663 499 732 δέ
518 663 627 733 Λάίόν
647 685 751 752 φασιν
771 667 956 754 ἐρασθῆναι
975 664 1109 752 πρώτον
1128 673 1326 758 Χρυσίππου

177 775 240 841 τοῦ
262 772 416 849 Πέλοπος
443 773 534 838 υίού·
564 773 599 837 οί
625 771 662 838 δὲ
682 769 869 852 Ἰταλιώτας
895 771 1048 861 πρώτους
1075 771 1146 841 κατ’
1176 771 1325 861 άνάγκην

179 883 352 966 στρατείας
380 873 540 965 εὑρέσθαι
570 881 678 946 τούτο.
724 876 806 946 κατὰ
829 878 867 947 δὲ
890 877 1054 966 ἀλήθειαν
1078 877 1179 960 αὐτὸς
1203 878 1220 948 ὁ
1241 881 1351 960 Ζεύςσ

178 989 310 1071 πρώτος
332 982 466 1071 ἠράσθη
491 983 736 1072 Γανυμήδους]

268 1110 516 1179 CCCXXXVII.
554 1116 767 1199 Θεαίτητος
787 1110 966 1199 Ἀθηναῖος
988 1110 1208 1202 άστρολόγος,
1232 1114 1326 1202 φιλό-

177 1237 300 1305 σοφος,
330 1215 482 1305 μαθητὴς
505 1217 723 1306 Σωκράτους,
748 1221 898 1300 ἐδίδαξεν
922 1221 959 1287 έν
978 1217 1163 1310 Ἡρακλεία.
1209 1223 1325 1308 γέγονε

178 1324 216 1392 δὲ
249 1322 330 1412 μετὰ
361 1322 402 1391 τὰ
429 1323 741 1411 Πελοποννησιακά.
791 1328 921 1415 πρῶτος
949 1325 986 1394 δέ
1013 1324 1053 1394 τά
1082 1327 1178 1395 πέντε
1206 1327 1326 1396 καλού-

177 1458 262 1520 μενα
286 1429 403 1519 στερεὰ
426 1435 556 1520 ἔγραψε.
1253 1477 1260 1492 .
1341 1457 1366 1494 ιο

267 1557 531 1626 CCCXXXVIII.
572 1561 786 1643 Θεαίτητος
815 1553 1011 1645 Ἡρακλείας
1042 1555 1196 1644 Πόντου,
1230 1558 1325 1646 φιλό-

177 1683 301 1751 σοφος,
325 1661 490 1752 ἀκροατὴς
512 1662 705 1743 Πλάτωνος.

267 1789 499 1859 CCCXXXIX.
540 1786 677 1857 Θεανώ
705 1794 942 1876 Μεταποντίνη
976 1787 997 1877 η’
1031 1796 1174 1880 Θουριά,
1208 1799 1326 1859 Πυθα-

179 1903 311 1985 γορεία,
338 1895 492 1986 θυγάτηρ
521 1896 741 1986 Λεώφρονος,
769 1894 891 1984 γαμετὴ
924 1897 961 1964 δὲ
984 1897 1166 1987 Καρύστου
1193 1894 1213 1985 ἢ
1237 1896 1326 1983 Κρό-

179 2031 284 2084 τωνος
316 1999 337 2091 ἢ
369 2009 546 2093 Βροντίνου
578 2007 639 2071 τού
672 2008 923 2092 Πυθαγορείου.
981 2002 1064 2091 αὕτη
1098 2009 1219 2094 ἔγραψε
1251 2006 1326 2094 περὶ
1342 2024 1366 2065 15

182 2111 406 2200 Πυθαγόρου,
442 2112 517 2200 περὶ
554 2109 672 2199 άρετης
705 2106 894 2202 Ἱπποδάμρι
928 2117 1079 2203 Θουρίῳ,
1116 2114 1326 2200 παραινέσεις

185 2224 373 2304 γυναικείας
394 2218 450 2286 καὶ
474 2215 717 2305 ἀποφθέγματα
740 2224 998 2308 Πυθαγορείων.

268 2345 417 2416 CCCXL.
463 2343 614 2412 Θεανώ
653 2346 794 2432 Κρῆσσα
831 2342 1033 2430 φιλόσοφος,
1074 2345 1227 2434 θυγάτηρ
1265 2345 1326 2433 μὲν
1349 2346 1362 2369 ’

182 2452 426 2535 Πυθώνακτος,
449 2449 572 2538 γαμετὴ
595 2449 631 2517 δὲ
655 2453 714 2517 τού
736 2447 883 2537 μεγάλου
900 2450 1121 2540 Πυθαγόρου,
1141 2453 1174 2532 ἐξ
1193 2442 1234 2519 οὗ
1254 2457 1327 2538 ἔσχε

182 2560 362 2648 Τηλαύγην
385 2559 440 2627 καὶ
463 2557 673 2647 Μνησαρχον
695 2558 751 2625 καὶ
777 2563 893 2625 Μυῖαν
916 2558 971 2625 καὶ
990 2555 1201 2647 Ἁριγνώτην.
1237 2558 1326 2638 τινες
1340 2580 1366 2618 20

169 2669 217 2738 δὲ
241 2672 417 2756 Βροντίνου
444 2670 587 2753 γυναῖκα
617 2663 786 2753 γράφουσι
813 2664 869 2731 καὶ
896 2662 933 2731 τὸ
965 2668 1062 2750 γένος
1084 2670 1326 2754 Κροτωνιᾶτιν.

157 2775 402 2862 ὑπομνήματα
431 2771 602 2859 φιλόσοφα
629 2770 685 2838 καὶ
713 2768 957 2858 ἀποφθέγματα
984 2772 1039 2838 καὶ
1067 2771 1192 2860 ποίημά
1218 2799 1249 2840 τι
1278 2769 1325 2841 δι’

149 2883 279 2956 ἐπιών.

137 3085 274 3145 Verba
291 3086 341 3141 καὶ
358 3086 515 3154 πρῶτος-
534 3084 599 3140 exii.
615 3084 650 3138 ab
665 3081 798 3152 Hesychii
817 3082 912 3137 indole
926 3085 1024 3153 procul
1039 3085 1149 3139 absunt.
1169 3085 1208 3138 cf.
1224 3085 1325 3140 Athen.

132 3163 250 3226 XIII
264 3185 289 3237 p.
309 3168 411 3222 603xet
428 3182 500 3234 quae
519 3163 635 3234 exposui
653 3164 722 3216 Mus.
742 3161 830 3216 Rhen.
847 3161 951 3216 XXXV
969 3182 997 3233 p.
1011 3171 1063 3219 212
1138 3171 1151 3217 1
1169 3161 1326 3218 Ὑακίνθου

130 3247 339 3316 Lmoepius
403 3252 419 3298 2
441 3240 541 3298 Τάλων
561 3243 721 3298 Θυίεολινιίιλ

253 3323 449 3382 CCCXXXVII
467 3325 543 3379 Eud.
561 3343 589 3394 p.
609 3330 660 3378 369
717 3330 732 3377 7
752 3328 843 3391 φιλοσ.
859 3323 908 3376 καί
922 3322 962 3385 είς
976 3319 1007 3376 τὸ
1023 3319 1110 3394 άκρον
1126 3319 1235 3393 άστρολ.
1250 3325 1325 3379 Eud.

130 3409 156 3456 8
189 3399 315 3470 γέγονε
334 3423 392 3475 seq.
411 3406 583 3474 transposui,
602 3404 668 3473 post
683 3401 789 3472 ἔγραψε
811 3403 944 3457 exhibent
960 3402 1025 3457 libri

250 3482 462 3540 cccxxxviii
477 3485 631 3554 Utramque
645 3485 766 3554 glossam
780 3486 816 3539 ad
830 3504 917 3538 unum
931 3486 1057 3554 spectare
1071 3485 1152 3554 patet
1196 3490 1227 3538 11
1244 3479 1327 3552 Ἡρα-

130 3556 246 3612 κλέα
256 3567 281 3615 V
300 3562 359 3635 Ἦρ.
375 3561 490 3620 Πόντου
505 3581 539 3619 ex
552 3570 576 3618 A
588 3566 737 3632 Καείεκνε,
758 3568 843 3621 antea
860 3565 1008 3636 legebatur
1027 3561 1059 3620 έν
1073 3562 1130 3634 Ἡρ.
1150 3565 1200 3619 τού
1214 3561 1329 3619 Πόντον

244 3641 436 3703 CCCXXXIX
454 3646 530 3700 Eud.
550 3664 576 3715 p.
597 3652 648 3699 369
731 3652 764 3700 13
782 3642 986 3715 Μεταποντικη
1005 3646 1081 3702 Eud.
1159 3649 1274 3714 Πυθαγ,
1295 3677 1327 3684 -—

136 3719 262 3782 Rom,
285 3744 340 3782 om.
359 3726 442 3781 Eud:
507 3732 540 3780 14
558 3723 707 3794 Καρύστου
726 3727 757 3780 et
773 3723 922 3797 Κρότωνος
941 3745 1016 3796 susp.
1038 3727 1221 3799 Bernhardyo

141 3798 188 3846 15
212 3801 374 3870 Βροντίνου
388 3811 491 3859 Am
507 3807 642 3874 Βροτίνου
656 3805 706 3859 rel.
723 3808 875 3875 Βροντίνου
891 3825 924 3862 ex
939 3806 1086 3860 Iamblichi
1100 3807 1149 3862 vit.
1159 3809 1240 3876 Pyth.
1256 3805 1326 3861 coni.

142 3870 317 3941 Kmterus
340 3881 378 3948 ώς
401 3889 545 3948 Πλωιῐνος
567 3881 597 3940 iti
620 3884 744 3954 margine
767 3891 790 3938 V
813 3888 925 3956 legitur.
963 3885 1057 3941 Verba
1080 3888 1130 3941 τοῦ
1152 3890 1230 3942 Πυθ.
1255 3881 1327 3953 αύτη

148 3944 288 4028 {musa
307 3966 372 4036 περὶ
390 3967 462 4021 miro
480 3983 573 4022 errore
596 3966 697 4021 desunt
718 3965 748 4019 in
767 3965 809 4020 ed.
829 3964 941 4022 Βελίαν.
981 3963 1170 4036 Πυθαγόρου,
1190 3968 1326 4033 Πυθαγο-

151 4030 231 4090 ⁰⁸⁶²
254 4037 333 4102 οὖσα
352 4047 428 4102 Eud.
502 4053 535 4101 16
556 4041 662 4101 Ἱπποθ.
683 4048 767 4116 Θουρ.
791 4046 924 4102 ficticium
947 4049 1063 4102 titulum
1088 4064 1146 4102 esse
1170 4045 1327 4115 suspicatus

155 4107 209 4162 εἰ
230 4114 422 4198 Bernhardy,
440 4126 489 4195 qui
508 4126 595 4182 eiiam
614 4125 678 4195 περὶ
697 4126 873 4199 Πυθαγόρου
893 4128 1041 4183 delendum
1060 4127 1166 4183 censuit

246 4199 367 4262 cccxl„
386 4206 462 4262 md.
481 4205 500 4261 l.
520 4223 543 4261 ο.
581 4205 621 4262 Cf.
641 4225 666 4260 v.
688 4205 836 4278 Τηλαύγης
924 4214 955 4261 19
981 4203 1010 4274 ἐξ
1030 4200 1063 4261 οὗ
1084 4238 1116 4246 -
1135 4205 1327 4274 Κροτωνιᾶτιν

165 4276 228 4325 ⁰¹¹¹·
250 4279 330 4343 Eud.
348 4303 469 4358 pergens
488 4285 606 4357 φέρεται
624 4280 712 4355 αὐτῆς
730 4283 814 4357 ύπομ.
835 4285 922 4341 πολλά
942 4287 987 4356 (cf.
1006 4286 1086 4355 Diog.
1106 4286 1184 4352 VIII,
1205 4288 1251 4354 43)

169 4345 208 4400 Ἃ
230 4359 379 4432 Βοωτίνου
398 4385 433 4423 ex
450 4368 536 4423 Paris.
555 4368 699 4423 revocavit
716 4369 866 4435 Καοίιννε,
891 4370 974 4422 antea
992 4367 1084 4422 fuerat
1101 4367 1257 4436 Κρατίνου;
1281 4385 1327 4434 γε-

176 4422 290 4497 ’ἐσθᾱι
306 4447 370 4518 post
387 4453 510 4518 γυναῖκα
529 4448 592 4503 add.
611 4449 684 4518 υκίη.
704 4465 757 4504 om.
776 4452 800 4500 A
