2910 5056
622 119 835 176 HESYCHIUS.
1034 136 1036 139 '
1238 121 1301 184 159

152 279 209 347 καὶ
233 283 368 363 Βοιοῦς,
396 283 430 346 οἱ
452 278 488 346 δὲ
509 277 671 360 Ἰουλίους
695 281 778 367 φασὶ
800 280 855 347 καὶ
879 285 1099 368 Μετανείρας,
1123 284 1158 347 οἱ
1180 281 1216 347 δὲ
1230 278 1301 365 Ἑρ·
1351 338 1355 345 .

153 389 228 473 μοῦ.
274 388 392 471 γέγονε
423 385 461 454 δὲ
489 384 572 454 κατὰ
600 389 661 474 μέν
689 413 799 466 τινας,
812 385 892 473 μετὰ
924 385 1122 473 Φημονόην,
1150 384 1235 454 κατὰ
1265 386 1302 453 δὲ

152 491 277 572 ἄλλους
304 493 359 560 καὶ
386 491 451 580 πρὸ
481 492 590 580 αὐτῆς.
637 498 759 581 ἔγραψε
788 492 825 560 os
851 498 1073 578 κοσμοποιίαν
1102 499 1148 573 είς
1176 498 1236 579 ἔπη
1262 520 1301 584 Ιε,

150 594 359 680 ’Λπόλλωνος
393 600 448 667 καί
469 595 658 687 Ἀρτέμιδος
688 599 806 686 γονάς,
842 604 903 686 ἔπη
937 627 986 689 φφ,
1016 596 1213 686 Ἀφροδίτης
1247 600 1302 666 καὶ

147 703 292 790 ’Ἑρωτος
315 704 431 792 φωνὰς
453 706 508 772 καί
532 704 670 792 λόγους,
695 712 754 792 ἔπη
780 733 819 796 Ιε,
841 704 986 792 Ἀθηνᾶς
1010 712 1082 794 ἔριν
1104 707 1160 774 καὶ
1183 714 1329 774 Ποσει-ο

156 816 281 898 δῶνος,
307 819 366 899 ἔπη
391 841 441 903 θα,
465 816 597 897 Λητοῦς
620 812 800 900 πλόκαμον.

242 939 357 1007 ΒΟΝ.
399 943 696 1022 Παλαίφατος
727 936 856 1025 Πάριος
888 933 908 1023 ἢ
941 940 1125 1025 Πριηνεύς,
1157 937 1304 1025 γεγονός

154 1042 235 1113 κατὰ
261 1042 497 1133 Ἀρταξέρξην,
533 1041 684 1112 ἀπίστων
716 1050 830 1131 βιβλία
863 1043 891 1110 ε’
925 1044 1026 1131 (τινὲς
1058 1045 1095 1113 ol
1126 1049 1228 1114 ταῦτα
1257 1051 1303 1126 είς
1359 1100 1364 1111 .

156 1149 216 1219 τόν
238 1147 420 1237 Ἀθηναίου
444 1148 678 1239 ἀναφέρουσι).
720 1151 808 1238 πλὴν
830 1152 886 1219 καὶ
910 1143 1007 1232 οὗτος
1031 1158 1162 1241 ἔγραψε.
1177 1207 1184 1221 .
1200 1206 1229 1220 ..

165 1277 167 1280 ’
242 1278 341 1345 DOV.
382 1282 646 1363 Παλαίφατος
671 1273 854 1362 Ἀβυδηνὸς
888 1275 1061 1365 ἱστορικός.
1112 1276 1301 1365 Κυπριακοί,
1318 1299 1343 1373 ιο

157 1383 326 1470 Δηλιακό,
354 1381 494 1469 Ἀττικοί,
520 1381 685 1471 Ἀραβιπιὶ
702 1382 707 1472 Ι
726 1384 843 1469 γέγονε
867 1384 904 1451 δὲ
929 1385 980 1451 ἐπὶ
1001 1383 1222 1469 Ἀλεξάνδρου
1243 1382 1304 1452 τοῦ

156 1488 367 1576 Μακεδόνος,
404 1489 542 1558 παιδικὰ
578 1489 615 1557 ot
644 1488 890 1576 Ἀριστοτέλους
921 1494 983 1558 τοῦ
1016 1490 1222 1577 φιλοσόφου,
1260 1488 1305 1569 οἱς

159 1603 272 1664 Φίλων
303 1600 341 1665 ἐν
367 1602 413 1690 τῷ
442 1597 474 1664 ε’
503 1600 652 1686 στοιχείῳ
681 1600 743 1664 τοῦ
769 1597 844 1684 περὶ
868 1596 1062 1682 παραδόξου
1086 1600 1232 1685 ἱστορίας
1254 1602 1305 1682 βι-

156 1708 251 1788 βλίον
276 1702 311 1771 α’
334 1705 389 1771 καὶ
413 1703 589 1792 Θεόδωρος
612 1700 629 1769 ὁ
653 1699 768 1780 Ἰλιεὺς
790 1704 826 1769 ἐν
850 1702 886 1788 β’
913 1708 1079 1792 Τρωικῶν.
1100 1702 1105 1792 Ι

243 1821 359 1888 DOVI.
388 1823 650 1906 Παλαίφατος
667 1817 848 1904 Αἰγύπτιος
862 1818 868 1908 Ι
884 1813 907 1905 ἦ
926 1818 1104 1905 Ἀθηναῖος
1118 1817 1140 1907 Ι,
1155 1844 1344 1905 γραμμα-,ιι

226 2085 241 2132 1
261 2078 346 2140 Βιοῦς
363 2079 435 2148 valo.
450 2079 525 2133 Eua.
541 2077 676 2139 ΒοιοὶιςΒ
731 2081 748 2127 4
765 2072 837 2143 Ἄφρ,
856 2076 905 2129 καὶ
918 2073 976 2146 Ἕρ.
992 2071 1079 2145 νονόις
1097 2075 1218 2131 tentavit
1232 2075 1301 2129 Gro-

156 2161 259 2213 αοοίαο.
293 2157 422 2213 Ceterum
446 2159 601 2214 carminum
624 2156 749 2211 tabulam
768 2154 900 2209 fictitiam
924 2173 983 2210 esse
1006 2158 1108 2212 docent
1126 2157 1226 2225 Bergk.
1247 2156 1301 2213 Lit.

159 2239 201 2295 Gr.
221 2240 234 2292 l
252 2257 280 2308 p.
301 2243 353 2294 405
371 2241 429 2293 not.
449 2246 515 2309 270,
534 2239 632 2304 Hiller‚
652 2238 721 2291 Mna.
740 2235 829 2289 Rhen.
848 2234 967 2288 XXXIII
985 2254 1012 2304 p.
1028 2243 1079 2290 522

225 2324 313 2380 Delv
332 2327 406 2383 Ευολ.
426 2347 453 2399 p.
474 2334 539 2397 601,
565 2343 637 2396 quae
656 2324 756 2394 incipit
779 2324 826 2377 καί
847 2322 883 2379 ἔτ.
903 2327 974 2380 Παλ,
1013 2325 1094 2378 Hunc
1118 2340 1169 2378 nee
1187 2323 1303 2379 Parium

156 2423 206 2461 neo
220 2405 398 2462 Prienensem
413 2425 474 2464 esse
489 2408 537 2463 sed
552 2407 634 2462 Pario
646 2403 824 2473 Hellesponti
838 2406 930 2457 ortum
945 2406 973 2458 et
987 2404 1054 2457 olim
1069 2405 1203 2474 scriptum
1217 2406 1304 2461 fuisse

157 2481 318 2554 Παριηνεός
340 2487 480 2556 persuasit
498 2487 659 2541 attrectatu
682 2484 744 2540 coll.
765 2483 861 2553 steph.
881 2484 944 2553 Byr.
968 2504 993 2539 v.
1014 2481 1124 2553 Ποίριον
1149 2501 1203 2540 sec.
1223 2487 1303 2543 codd.

157 2565 217 2635 av,
240 2565 290 2634 qni
308 2565 395 2622 etiam
418 2567 492 2621 hune
515 2566 720 2634 Palaephatum
739 2563 892 2618 Artaxerxe
916 2563 1001 2618 tertio
1024 2567 1158 2634 regnante
1182 2566 1218 2620 ad
1242 2566 1303 2619 Aii-

157 2646 284 2700 stotelem
315 2664 340 2701 a.
364 2653 514 2711 atr-stt
542 2645 658 2701 Atarnei
685 2647 844 2700 versantem
870 2644 978 2699 venisse
1002 2662 1065 2700 cum
1090 2662 1178 2715 eoque
1202 2663 1227 2700 a.
1252 2654 1304 2701 331

159 2726 282 2779 Athenas
300 2727 429 2797 rediisse,
452 2727 525 2783 unde
544 2726 595 2781 alii
614 2743 677 2780 eum
701 2725 818 2779 fecerint
837 2723 1049 2794 Atheniensem,
1073 2725 1229 2795 suspicatus
1253 2729 1303 2782 est.

157 2805 198 2859 Ad
216 2805 292 2860 hunc
306 2806 398 2876 igitur
416 2810 544 2877 spectare
568 2806 619 2860 suh
637 2824 664 2860 v.
685 2807 812 2873 Παλαιφ.
829 2799 917 2878 Ἆβοὸ.
936 2807 1022 2861 verba
1044 2805 1142 2874 γέγονε
1162 2837 1198 2846 -
1219 2811 1304 2875 Τρωι-

156 2887 211 2941 ιιῶν
273 2892 289 2942 8
310 2885 416 2958 ἔγραφε
436 2888 501 2957 περὶ
519 2882 644 2941 σἰπίστων
664 2882 792 2953 ἱστοριῶν
808 2888 832 2958 β.
848 2882 873 2939 ε’
886 2887 972 2956 Eud,
992 2903 1075 2955 quam
1094 2887 1246 2955 genuinam
1263 2889 1304 2940 in-

158 2966 339 3037 scriptionem
362 2983 423 3022 esse
446 2966 518 3023 vidit
536 2966 715 3033 Bernhardy3
739 2983 825 3018 unum
848 2966 933 3020 hodie
956 2966 1059 3029 librum
1083 2967 1224 3020 servatum
1244 2983 1304 3020 esse

157 3048 278 3116 constat,
298 3047 347 3101 sed
366 3047 400 3102 of.
415 3048 562 3102 Westerm.
583 3045 723 3114 Mythogr.
743 3064 770 3114 p.
790 3044 854 3098 XIII
927 3052 942 3099 9
962 3040 1111 3115 Ἀθηναῖον
1130 3045 1147 3098 i.
1168 3063 1190 3099 e.
1211 3061 1303 3115 gram-

158 3126 290 3181 maticum
363 3145 384 3180 a.
402 3127 448 3183 fin.
468 3127 606 3196 quaedam
630 3124 767 3180 excidisse
785 3126 880 3194 patet,
904 3125 969 3193 περὶ
991 3124 1156 3197 παραδόξου
1182 3126 1305 3195 ἱστορίας

160 3208 270 3277 supplet
287 3207 455 3282 Bernhardy
491 3203 596 3261 ἄπιστα
615 3205 743 3275 intellegi
761 3207 845 3274 putat
864 3205 1026 3260 θιιίεολυιίιί

225 3292 300 3350 DGV
319 3295 395 3351 aaa.
414 3314 441 3366 p.
456 3300 508 3350 583
566 3301 599 3349 10
618 3297 682 3362 post
701 3290 839 3362 ἱστορικός
858 3295 954 3349 omnia
972 3300 1064 3351 om.A
1120 3302 1152 3350 13
1171 3293 1197 3349 c'
1218 3314 1302 3366 στοιχ.

159 3376 231 3431 aaa.
251 3376 317 3446 περὶ
335 3379 439 3446 παροδ,
459 3374 582 3444 ἱστορίας
600 3373 714 3429 omnino
734 3375 948 3444 expungendum
969 3379 1064 3430 censet
1076 3377 1252 3448 Bernhardy,
1273 3374 1303 3432 ἐν

158 3458 193 3528 τῷ
211 3456 278 3527 περὶ
300 3476 367 3527 παρ.
387 3454 437 3512 ἱστ,
457 3457 511 3525 βιβ.
531 3450 631 3523 πρώτῳ
650 3454 788 3509 Kastron
812 3451 843 3510 ἒν
866 3455 904 3528 τῷ
928 3456 979 3524 τῆς
1001 3454 1148 3526 τριτεόχου
1171 3457 1221 3526 τῆς
1238 3458 1304 3526 περὶ

158 3555 220 3607 παρ.
236 3533 286 3594 ἱστ.
303 3539 358 3611 βιβ.
373 3533 404 3591 α’
421 3537 527 3591 Μαλλίου
540 3536 580 3588 ΙΙΙ
593 3552 620 3603 p.
636 3539 688 3590 573
704 3530 735 3589 ἐν
749 3535 787 3608 τῷ
803 3531 828 3588 ε’
849 3537 1037 3604 στοιχειωτοῦ,
1056 3530 1126 3606 ὅπερ
1143 3531 1201 3591 ἐστὶ
1215 3556 1303 3605 παρα-

159 3614 242 3683 δόξου
266 3615 388 3688 ἱστορίας
412 3617 519 3688 βιβλίον
544 3615 656 3684 πρῶτον
676 3614 849 3683 θυίεολιαίολς
874 3615 916 3669 nil
939 3617 1104 3671 mutandum
1128 3634 1187 3672 esse
1211 3620 1304 3671 censet

159 3697 264 3767 aare,
277 3699 349 3754 Mus.
364 3697 452 3752 Rhen.
467 3696 583 3752 XXXIV
597 3715 625 3766 p.
640 3702 690 3750 ool
707 3697 766 3755 not.
781 3702 807 3760 2,
825 3713 888 3749 cum
902 3694 1029 3750 Philonis
1044 3716 1109 3765 παρ.
1126 3693 1233 3765 ἱστορία
1248 3700 1305 3750 tres

160 3775 242 3834 libros
261 3778 449 3848 complectens
468 3776 497 3831 in
512 3777 600 3846 ipsius
615 3775 742 3832 Philonis
762 3774 821 3830 vita
838 3775 977 3843 laudetur,
999 3777 1030 3829 ut
1049 3777 1083 3829 de
1098 3778 1227 3835 ‚amatore
1241 3775 1303 3829 Ari·

161 3858 258 3913 rtotale
276 3857 368 3929 primo
386 3857 459 3912 libro
478 3857 529 3911 sub
548 3857 590 3914 lit.
610 3858 633 3910 Ε
653 3856 742 3926 (velut
767 3849 914 3924 ἐρώμενοι)
938 3855 1111 3924 disputatum
1130 3855 1174 3908 sit.
1213 3853 1304 3909 Minus

162 3939 237 3991 eante
255 3938 347 3991 totam
363 3936 452 3991 vitam
472 3953 505 3990 ex
522 3936 680 3990 Ptolemaei
698 3934 788 4004 Heph.
808 3933 932 3989 historiis
952 3935 1063 3989 fluxisse
1084 3935 1239 3990 hariolatus
1262 3937 1305 3991 est

161 4012 287 4085 Betthar,
306 4015 406 4072 Annal.
426 4015 522 4086 Suppl.
538 4018 550 4068 Ι
567 4036 594 4086 p.
612 4022 664 4070 386
726 4021 759 4068 14
778 4015 833 4068 τῶν
855 4015 989 4083 Τρωικῶν
1007 4014 1083 4069 Eud.
1103 4016 1137 4070 de
1156 4014 1303 4071 Theodoro

161 4092 195 4148 cl.
211 4095 314 4151 Muller
331 4095 370 4151 IV
388 4114 416 4164 p.
430 4102 481 4149 513

199 4220 202 4227 .
227 4181 316 4239 DGVI
335 4183 410 4240 Eud.
429 4202 455 4252 p.
472 4189 523 4239 600
538 4183 709 4253 Aegyptium
728 4185 812 4239 fuisse
827 4185 968 4239 auctorem
987 4185 1138 4252 θεολογίας
1152 4183 1303 4254 Αίγυπτια·

162 4260 211 4329 τῆς
228 4265 258 4318 et
274 4263 328 4318 hoc
345 4264 408 4332 ipso
427 4281 510 4333 opere
529 4281 610 4317 usum
630 4282 689 4319 esse
709 4265 841 4320 Malalam
861 4265 906 4333 (cf.
926 4283 952 4333 p.
973 4270 1007 4317 24
1027 4266 1056 4318 et
1075 4270 1127 4318 203
1147 4265 1190 4318 ed.
1205 4266 1303 4336 Bonn.)
