2880 5054
611 304 822 360 HESYCHIUS.
1225 305 1287 370 143

230 467 445 533 DXXXVIH.
466 472 673 544 Μουσαῖος
685 462 835 550 Ἐφέσιος
850 462 1015 547 ἐποποιός,
1034 465 1089 531 καλ
1104 462 1204 544 αὐτὸς
1219 471 1288 533 τῶν

137 578 187 653 είς
212 571 292 651 τοὺς
315 570 560 658 Περγαμηνοὺς
582 571 734 649 κύκλους.
774 576 896 658 ἔγραψε
920 575 1110 658 Περσηίδος
1128 577 1241 656 βιβλία
1261 572 1286 638 ι’
1308 658 1312 664 ¹

136 681 194 748 καλ
220 685 268 760 είς
292 677 427 766 Εὐμενῆ
451 682 505 747 παλ
519 678 690 747 ’Ἄτταλον
897 747 899 751 ,

229 797 409 863 DXXXIX.
442 802 652 872 Μουσαῖος
676 800 833 881 Θηβαῖος,
858 793 998 882 Θαμύρα
1021 794 1095 874 υίὸς
1122 799 1183 862 τοῦ
1210 802 1287 862 Φιλ-

136 904 312 992 άμμωνος,
353 902 545 988 μελοποιός,
583 900 730 988 γεγονὼς
768 906 880 991 πολλῷ
915 900 979 989 πρὸ
1014 906 1083 970 των
1120 906 1314 990 Topazum

142 1017 267 1096 ἔγραψε
291 1013 372 1097 μέλη
395 1011 451 1077 καλ
475 1009 612 1100 ᾅσματα.

230 1127 329 1193 DXL.
380 1122 658 1202 Μουσώνιος
696 1130 909 1208 Καπίτωνος,
953 1132 1126 1213 Τυρρηνος
1162 1123 1289 1204 πόλεως

141 1238 359 1316 Βουλσινίου,
380 1229 584 1310 διαλεκτικὸς
602 1229 789 1317 φιλόσοφος
811 1231 866 1298 καλ
886 1231 1046 1316 Στωικός,
1069 1230 1217 1318 γεγονὼς
1237 1231 1288 1298 ἐπὶ

139 1341 312 1426 Νέρωνος,
336 1336 505 1426 γνώριμος
527 1337 564 1405 δὲ
585 1336 810 1405 Ἀπολλωνίου
833 1341 893 1405 τοῦ
921 1340 1075 1417 Τυανέως
1097 1339 1152 1406 καὶ
1176 1337 1288 1406 ἄλλων

140 1449 288 1513 πολλῶν·
320 1442 403 1528 πρὸς
427 1439 467 1511 ὃν
490 1443 545 1510 καὶ
569 1444 737 1511 έπιστολαλ
756 1444 916 1531 φέρονται
933 1442 1159 1512 Ἀπολλωνίου
1181 1444 1287 1512 πολιτεί-
1304 1464 1328 1501 10

140 1579 204 1620 νου
226 1549 309 1640 πρὸς
329 1548 563 1618 Ἀπολλώνιον.
602 1548 657 1617 διὰ
676 1555 760 1636 γοῦν
780 1550 842 1636 τὴν
860 1557 1050 1639 παρρησίαν
1069 1552 1125 1618 καλ
1143 1550 1180 1619 τὸ
1201 1554 1288 1638 ἐλεγ-

142 1656 258 1726 κτικὸν
294 1657 350 1724 καὶ
387 1655 422 1724 τὸ
462 1654 672 1744 ὑπερβάλλον
709 1661 768 1744 τῆς
804 1660 996 1743 ἐλευθερίας
1032 1656 1097 1726 ὑπὸ
1129 1659 1290 1746 Νέρωνος
1319 1669 1320 1672 ’

142 1763 339 1852 ἀναιρεῖται.
378 1765 538 1852 φέρονται
561 1762 666 1832 αὐτοῦ
691 1764 785 1850 λόγοι
810 1764 971 1852 διάφοροι
994 1771 1199 1853 φιλοσοφίας
1218 1767 1288 1852 ἐχό-

144 1899 241 1959 μενοι
265 1873 319 1939 καὶ
344 1873 521 1954 ἐπιστολαί.

234 1990 348 2056 DXLI.
392 1994 503 2055 Μυῖα
526 1983 692 2072 Θεσπιακὴ
716 1988 843 2075 λυρική,
885 1989 967 2075 μέλη
990 1987 1073 2076 πρὸς
1096 1987 1202 2076 λύραν
1230 1985 1288 2073 ἁρ-
1305 2003 1329 2042 1⁵

142 2095 317 2183 μόζοντα.“

230 2212 362 2278 DXLII.
399 2216 512 2277 Μυῖα
537 2213 739 2297 Σπαρτιᾶτις
761 2210 925 2298 ποιήτρια.
961 2209 1090 2298 ὕμνους
1114 2208 1289 2290 εἰςἈπέλ-
1361 2208 1364 2214 ’

142 2328 234 2387 λωνα
257 2319 313 2386 καὶ
326 2315 492 2405 ’Ἄρτεμιν

213 2594 384 2650 DXXXVIII
403 2597 479 2651 Eud.
493 2615 520 2666 p.
530 2594 593 2651 501.
618 2594 657 2648 Cf.
673 2593 804 2663 Diinizer,
819 2593 869 2663 Ep.
883 2594 917 2649 fr.
933 2593 1000 2664 Hp.
1015 2599 1050 2648 83
1105 2601 1120 2648 2
1140 2593 1189 2648 καλ
1204 2590 1291 2656 αὐτὸς

142 2677 207 2730 ante
225 2672 349 2737 κύκλους
371 2676 507 2746 praebent
529 2676 607 2742 libri,
631 2675 703 2729 unde
727 2673 898 2743 transposui3
922 2671 1041 2729 Κίτιλων
1067 2674 1179 2729 nomine
1206 2675 1289 2743 nigni-

141 2755 217 2810 ficari
233 2755 349 2822 Thesea,
366 2755 414 2824 qui
428 2751 532 2810 κύκλον
545 2755 667 2811 virorum
681 2754 833 2809 illustrium
848 2754 972 2823 scripsit,
987 2772 1084 2824 perum
1100 2755 1291 2809 verisimiliter

141 2839 224 2905 putet
242 2836 345 2890 Muller
363 2835 401 2889 IV
419 2854 446 2905 p.
462 2842 513 2892 519
582 2833 623 2898 εἷς
646 2835 701 2889 τῶν
720 2834 769 2888 τοῦ
794 2836 985 2904 Περγαμηνοῦ
1009 2834 1057 2888 καὶ
1076 2830 1163 2897 αὐτὸς
1185 2831 1289 2890 κύκλου

141 2916 264 2970 tentavit
285 2916 410 2985 Toupius
429 2912 562 2978 ἐποποιὸς
582 2915 630 2969 καὶ
652 2910 745 2975 αὐτός.
780 2911 887 2983 ἔγραψε
908 2916 1065 2984 Περσηίδος
1089 2917 1182 2988 βιβλία
1202 2911 1222 2969 ι’
1242 2914 1290 2968 καὶ

143 2993 182 3057 είς
200 2991 319 3064 Εὐμένη
338 2995 387 3050 καὶ
399 2991 528 3051 ’Ἄτταλον
547 2993 613 3058 τοὺς
633 2991 838 3064 Περγαμηνοὺς
859 2991 1003 3057 έπινίκονς
1024 2997 1070 3050 vel
1089 2992 1224 3058 ἐποποιὸς
1242 2996 1290 3050 καὶ

142 3070 236 3138 αὐτὸς
251 3072 384 3138 κναλικός
411 3075 576 3143 Volkmann,
600 3076 712 3141 Quueeb.
736 3092 798 3130 nov.
822 3093 849 3144 p.
868 3074 934 3128 VIH
958 3070 1039 3129 ἔποπ.
1066 3076 1115 3129 καὶ
1138 3071 1225 3138 αὐτός
1248 3078 1291 3144 (ui

142 3155 280 3224 Ephesius
309 3173 371 3211 eum
396 3156 539 3210 Eleusinio
568 3156 748 3222 conferretur)
777 3155 806 3209 et
833 3150 940 3224 ὑμνούς
968 3157 1032 3209 πολε
1062 3153 1102 3216 είς
1125 3150 1197 3225 Είμ.
1226 3155 1289 3209 add.

146 3235 332 3292 Wacbsmuih.
362 3235 402 3291 cf.
417 3236 512 3302 Duub,
530 3236 565 3291 de
581 3236 656 3292 Suid.
671 3254 699 3305 p.
714 3240 775 3303 417,
795 3235 843 3304 qui
862 3235 896 3289 de
915 3233 1006 3304 poetis
1021 3235 1201 3304 Pergamenis
1214 3237 1289 3288 recte

143 3334 168 3369 v.
189 3318 326 3386 Αεσχίιλης
345 3316 465 3372 eontulit
527 3312 668 3378 κίκλαςῖ

212 3395 357 3451 ΒΧΧΧΙΧ
374 3396 449 3452 Eud.
470 3415 497 3465 p.
512 3401 563 3450 501
634 3401 649 3449 5
669 3394 709 3449 sie
728 3399 778 3447 AV
797 3390 851 3462 πρὸ
871 3396 927 3449 τῶν
949 3401 997 3465 Τρ,
1017 3395 1106 3470 πολλῷ
1126 3393 1198 3461 ναῖς.
1213 3392 1288 3446 Eud.

214 3485 289 3538 DXL
308 3485 384 3540 Εαιλ.
403 3504 432 3556 p.
446 3490 507 3540 495.
534 3485 575 3542 cf.
595 3505 620 3541 v.
635 3486 795 3555 Κορνοῦτος
859 3490 875 3538 8
894 3488 1064 3540 Βονασινίον
1083 3486 1217 3536 ABVEM
1231 3486 1289 3535 nu.

142 3565 218 3620 Eud.
240 3582 308 3620 corr.
321 3566 474 3634 Kusterue3
493 3583 615 3621 errorem
634 3584 652 3621 a
670 3565 760 3620 literis
778 3565 936 3620 uncialibus
950 3565 1107 3635 profectum
1121 3579 1181 3618 esse
1200 3561 1290 3630 suspi-

142 3644 222 3699 ceris.
262 3643 302 3699 cf.
322 3646 431 3702 Untere.
451 3665 478 3717 p.
494 3652 527 3700 ’11
540 3663 596 3715 seq.
677 3645 744 3702 901
765 3647 830 3701 edd.
849 3652 871 3699 Δ
891 3651 981 3702 om.V
1000 3646 1048 3699 rel.
1131 3641 1179 3697 καλ
1201 3637 1291 3697 ἄλλων

143 3757 176 3764 -
196 3726 262 3780 exit.
283 3743 338 3780 om.
352 3727 428 3782 Eud.
447 3730 496 3781 καλ
515 3722 606 3781 ἄλλων
624 3729 746 3794 πολλῶν,
772 3723 820 3781 διὰ
840 3727 871 3781 δὲ
891 3723 922 3781 τὸ
944 3721 1106 3795 έλεηατιιιόν
1125 3718 1214 3777 αὐτοῦ
1233 3717 1288 3776 ὑπὸ

143 3806 279 3875 Νέρωνος
297 3802 481 3874 ἀναιρεῖται·
498 3803 568 3876 πρὸς
587 3799 621 3861 ὃν
644 3807 693 3861 unci
718 3803 861 3861 ἐπιστολαὶ
881 3800 1021 3875 ’φέρονται
1042 3801 1222 3860 Ἀπολλωνίου
1242 3798 1291 3856 κιλ-

142 3888 241 3941 ιιείνον
260 3881 331 3954 πρὸς
347 3881 540 3940 Ἀπολλώνιον·
560 3883 608 3941 διὰ
623 3888 694 3956 γοῦν
712 3883 764 3956 τὴν
779 3889 937 3956 παρρησίαν
952 3888 1001 3942 καὶ
1020 3883 1051 3941 τὸ
1068 3879 1227 3953 ἐλεγκτικὸν
1243 3882 1292 3936 καλ

142 3960 320 4035 ὑπερβάλλον
343 3966 393 4034 τῆς
417 3961 582 4033 ἐλευθερίας
610 3961 666 4020 ὑπὸ
691 3967 825 4037 Νέρωνος
848 3962 1008 4034 ἀναιρεῖται
1029 3973 1060 4034 V,
1084 3966 1132 4019 ubi
1155 3963 1240 4017 verbu
1262 3962 1293 4014 in

143 4045 224 4100 initio
243 4044 338 4115 posite
354 4040 402 4099 διὰ
417 4043 449 4099 δὲ
465 4077 499 4085 -
514 4039 673 4115 ἀναιρεῖται
691 4047 798 4102 librarii
816 4047 940 4101 incuriae
959 4047 1096 4102 debentur
1151 4051 1184 4098 10
1201 4039 1291 4099 Ἀπολ-

142 4128 245 4180 λωνίου
260 4121 331 4194 πρὸς
346 4119 466 4180 αὖτίνΔ
485 4122 548 4180 eoin.
564 4157 598 4165 -
610 4120 711 4181 Ἀπολλ
723 4134 807 4182 omli
865 4132 898 4182 14
917 4127 964 4181 καλ
980 4127 1043 4182 add.
1055 4130 1130 4178 Anu
1149 4141 1202 4178 om.
1217 4126 1290 4193 νιιλρ.

215 4213 451 4270 DXLI-DXLII
469 4215 543 4270 Εαιλ.
564 4234 592 4285 p.
607 4221 668 4270 501.
701 4216 741 4270 ef.
761 4235 787 4272 v.
802 4213 937 4285 Κόριννα.
971 4215 1119 4272 Corinnam
1138 4215 1212 4270 enim
1231 4232 1291 4269 esse

147 4295 273 4364 exposuit
284 4294 429 4362 Weleker,
448 4295 492 4352 Κλ.
512 4295 590 4350 Schr.
610 4297 636 4349 Π
653 4314 680 4365 p.
698 4301 749 4350 158
805 4354 807 4358 .
833 4302 864 4351 15
885 4292 1051 4364 ΘεσπικὴΕ
1131 4292 1290 4365 ἁρμόζοντα

147 4379 249 4428 nvn
268 4371 429 4446 ἁρμόζουσα
446 4377 519 4446 vulp.
534 4375 610 4431 Eud.
761 4397 764 4404 ’

217 4453 319 4510 DXLII
358 4461 390 4510 17
410 4453 542 4526 ποιήτρια
561 4453 652 4519 είς-
672 4450 770 4526 ὕμνων
788 4457 863 4515 Eud.
913 4489 916 4493 ·
