2910 5056
581 287 865 344 Phocaeorum.
1182 285 1299 342 xxxin
1358 352 1360 355 ,

154 452 310 538 Quodque
335 456 560 537 argumentum
586 453 817 536 gravissimum
841 453 936 525 nobIs
961 452 1195 535 videturesse,
1219 451 1298 516 omi-

152 561 196 623 sit
218 560 304 624 vitas
326 560 449 638 Heleni,
472 559 658 624 Xenocratis
676 552 929 641 Aphrodisiensis
952 557 1052 643 (quod
1075 581 1195 624 nomen
1218 559 1299 623 desi-

154 667 286 732 deratur
309 667 438 751 quidem
462 666 495 731 in
515 664 666 731 Suidanis
686 666 789 750 libris,
813 666 867 730 sed
891 669 982 730 extat
1001 667 1069 742 eius
1088 666 1165 750 vita,
1189 686 1299 749 quam-

153 796 251 857 quam
269 774 352 838 hano
367 773 494 857 quidem
511 772 669 857 Hesychii
688 795 754 838 non
774 795 844 837 esse
859 773 990 857 probari
1006 770 1143 857 nequit),
1163 772 1299 836 alteram

153 880 290 964 Polletis,
313 880 483 958 Posidonii,
508 881 658 963 Teieyoici,
682 902 762 963 quas
787 902 825 944 ex
844 880 1047 945 uberioribus
1066 878 1160 944 lexici
1179 878 1299 963 glossis

155 987 226 1070 ipse
250 985 364 1051 Suidas
390 985 560 1069 descripsit
583 989 617 1049 et
640 985 863 1050 conformavit.
901 985 992 1062 Quod
1013 985 1040 1049 si
1060 982 1175 1050 Suidae
1195 1005 1299 1050 exem-

152 1094 237 1179 plari
266 1094 374 1176 aliquo
401 1091 547 1157 Eudocia
575 1115 634 1161 usa
662 1097 725 1177 est,
757 1115 823 1157 non
844 1092 1008 1177 ‚Hesychii
1038 1093 1193 1175 epitome,
1222 1113 1298 1156 sane

97 1205 101 1210 ’
152 1200 316 1285 epitomen
345 1221 410 1264 non
433 1200 601 1285 ignorasse
625 1204 722 1284 atque
738 1199 830 1262 «mira
852 1199 962 1263 iudicii
986 1201 1163 1283 sagacitate
1187 1219 1298 1262 omnes

153 1308 359 1392 quaestiones
379 1306 496 1371 abillo
518 1305 730 1373 abhorrentes
750 1328 821 1370 eam
845 1305 983 1370 evitasse
1003 1306 1156 1389 sequitur.
1194 1304 1298 1381 Quam

151 1437 222 1479 rem
245 1415 297 1478 vel
320 1414 390 1478 ideo
414 1412 588 1477 absurdam
611 1435 681 1478 esse
700 1413 825 1497 opinor,
849 1413 934 1498 quod
957 1435 1013 1478 cur
1032 1411 1174 1477 Eudocia
1192 1412 1298 1494 ipsam

151 1521 316 1605 epitomen
343 1544 439 1606 quam
468 1518 586 1584 Suidae
616 1520 735 1585 molem
763 1521 938 1606 compilare
966 1543 1031 1585 non
1058 1519 1219 1601 maluerit,
1251 1519 1297 1582 in-

150 1627 286 1692 tellectu
314 1632 364 1691 est
392 1626 565 1692 admodum
589 1626 729 1692 difficile.
771 1624 828 1690 Sin
858 1629 966 1690 autem
994 1625 1147 1690 falsarius
1170 1624 1298 1689 Pulehii

81 1781 91 1798 .
150 1733 326 1798 Rhenanus
350 1732 535 1798 Violarium
565 1733 760 1824 composuit,
788 1754 860 1796 eum
890 1753 1016 1816 quoque
1045 1732 1173 1796 saeculo
1204 1738 1295 1795 sexto

151 1839 276 1904 decimo
305 1838 462 1922 Hesychii
496 1840 660 1923 epitomen
692 1839 773 1903 bene
806 1838 936 1923 novisse
971 1842 1003 1901 et
1029 1838 1176 1903 fraudem
1207 1861 1299 1903 suam

150 1945 359 2010 callidissime
383 1946 563 2010 instituisse
586 1948 687 2029 patet.
732 1945 823 2022 Quod
847 1967 906 2010 nec
930 1946 1036 2009 minus
1060 1945 1205 2029 ineptum
1229 1967 1299 2009 esse

155 2074 250 2116 nemo
273 2052 417 2136 negabIt.

240 2158 302 2223 His
318 2159 489 2224 adnectam
504 2159 591 2224 aliud
604 2181 695 2224 meae
711 2159 888 2223 sententiae
899 2159 1135 2224 documentum.
1155 2157 1301 2224 Eudocia

148 2267 285 2351 praebet
310 2265 441 2331 Cornuti
467 2267 567 2330 vitam
598 2288 664 2331 non
692 2267 820 2349 qualem
850 2265 1021 2350 descripsit
1045 2263 1160 2331 Suidas
1189 2270 1299 2336 conta-

148 2373 309 2437 minatam
333 2395 404 2437 cum
428 2373 576 2437 uberiore
599 2373 738 2437 rhetoris
763 2373 984 2457 cognominati
1007 2373 1076 2438 vita
1099 2395 1138 2437 ex
1162 2373 1298 2438 Aeliano

149 2479 322 2563 descripta,
346 2479 401 2543 sed
421 2484 570 2543 'extrema
592 2482 720 2543 tantum
744 2481 812 2544 eius
836 2480 965 2545 articuli
987 2481 1095 2564 verba,
1119 2502 1200 2564 quae
1224 2502 1298 2563 pro-

147 2585 236 2651 fecto
265 2585 303 2651 de
331 2585 526 2669 philosopho
556 2585 641 2650 dieta
668 2586 772 2668 ipsius
800 2584 957 2670 Hesychii
985 2590 1068 2651 sunt.
1078 2584 1103 2672 ¹)
1151 2588 1298 2662 Quonam

149 2694 261 2755 autern
284 2690 380 2756 modo
404 2692 484 2757 haec
508 2691 579 2776 ipsa
602 2692 702 2756 verba
726 2692 902 2775 prudenter
925 2715 996 2757 eam
1018 2693 1214 2776 excerpsisse
1234 2697 1300 2757 sta-

147 2802 287 2880 tuemus,
312 2798 339 2861 si
363 2780 491 2867 omnem
515 2820 552 2862 ex
572 2797 649 2862 Aldi
673 2798 812 2864 editione
837 2798 1017 2863 doctrinam
1038 2821 1131 2864 suam
1149 2799 1298 2864 hausisse

148 2904 296 2989 putanda
329 2902 435 2988 est?²)
486 2903 535 2969 De
566 2904 653 2970 (alisii
685 2904 820 2989 denique
849 2908 882 2969 et
908 2904 1063 2970 Domaiai
1091 2905 1168 2970 vitis
1196 2905 1300 2989 Hesy-

148 3011 285 3095 chianis,
309 3032 389 3094 quae
413 3012 529 3075 desunt
547 3011 581 3074 in
602 3009 719 3075 Suidae
738 3011 852 3096 lexico,
876 3012 1038 3095 disputavi
1057 3011 1187 3077 Unters.
1201 3037 1231 3096 p.
1247 3015 1300 3077 60.

147 3117 200 3182 De
223 3118 396 3182 Menandri
418 3118 496 3201 vita,
520 3140 618 3202 quam
641 3119 778 3182 tractavi
797 3117 927 3185 Unters.
941 3142 971 3203 p.
986 3121 1026 3183 61
1039 3105 1081 3183 et
1099 3117 1181 3184 Mus.
1196 3119 1299 3184 Rhen.

149 3223 295 3288 XXXIII
317 3248 348 3308 p.
367 3225 445 3309 229,
470 3246 538 3288 rem
561 3247 676 3309 parum
701 3229 848 3290 constare
873 3227 1067 3310 supradixi.

242 3329 311 3397 Nec
330 3333 436 3397 minus
455 3332 482 3396 si
498 3331 642 3416 singulas
658 3332 847 3416 respicimus
862 3332 1024 3397 Eudociae
1038 3336 1145 3421 textus
1162 3333 1299 3417 scriptu-

148 3461 218 3522 ras,
241 3461 373 3523 prorsus
398 3439 492 3503 aliter
516 3439 738 3522 quaestionem
762 3440 948 3504 solvendam
968 3461 1037 3504 esse
1060 3439 1179 3525 indica,
1200 3462 1299 3524 *quam

148 3545 288 3611 Pulchio
306 3546 412 3611 visum
431 3549 489 3611 est.
530 3545 676 3610 Primum
695 3546 779 3610 enim
798 3547 878 3612 haec
896 3547 1043 3631 exempla
1061 3546 1153 3612 iuvat
1171 3569 1300 3611 enume-

148 3676 238 3737 rare,
257 3653 372 3738 quibus
392 3675 465 3718 cum
484 3653 672 3718 melioribus
688 3651 803 3719 Suidae
817 3653 910 3719 libris
923 3652 1107 3719 Violarium
1122 3654 1299 3738 conspiret:

225 3876 251 3940 1)
270 3873 347 3938 Idem
366 3874 493 3934 fortasse,
504 3872 680 3942 contigisset,
700 3872 725 3926 si
740 3871 896 3929 Aristarchi
912 3874 1052 3943 Tegeatae
1071 3875 1159 3930 vitam
1177 3873 1297 3929 Violarii

151 3957 250 4009 auctor
269 3954 420 4011 memoriae
439 3951 616 4021 prodidisset.
654 3953 727 4008 Nam
745 3953 774 4006 in
794 3969 827 4007 ea
846 3971 957 4022 qnoque
977 3954 1076 4010 Suidas
1095 3954 1230 4023 Hesychii
1251 3953 1298 4007 de·

150 4052 228 4088 mum
252 4034 341 4089 vitam
363 4034 482 4103 profert,
510 4034 658 4101 postquam
682 4032 793 4102 peregit
814 4033 1053 4089 narratiunculam
1076 4036 1111 4090 de
1135 4034 1298 4089 Aristarcho

151 4113 269 4168 aliunde
288 4113 491 4183 depromptam.

223 4196 250 4260 2)
273 4190 367 4259 Addo,
391 4192 466 4263 quod
483 4190 513 4245 in
531 4190 635 4246 Aldina
652 4193 721 4247 haec
740 4194 839 4260 verba,
863 4210 926 4248 cum
944 4194 1039 4250 media
1057 4194 1086 4249 in
1110 4195 1214 4249 lineola
1233 4211 1299 4248 con-

151 4271 224 4327 tinui
248 4274 341 4327 textus
365 4274 507 4343 legantur,
530 4273 607 4326 nullo
627 4274 710 4328 modo
730 4272 852 4326 dilucide
872 4275 984 4341 signata
1002 4276 1077 4341 sunt,
1097 4275 1170 4329 unde
1188 4273 1218 4327 in
1238 4273 1299 4327 Sui-

151 4351 203 4405 dae
227 4352 346 4408 articulo
370 4353 440 4406 duas
463 4352 570 4420 glossas
591 4353 658 4406 olim
676 4353 835 4418 distinctas,
855 4368 973 4421 quarum
992 4355 1110 4422 utraque
1129 4354 1166 4407 ab
1184 4355 1297 4408 nomine

153 4432 275 4486 auctoris
293 4432 451 4501 incohavit,
470 4429 581 4486 Aeliani
600 4435 629 4486 et
648 4433 795 4502 Hesychii,
815 4433 944 4488 confusas
964 4450 1023 4488 esse
1042 4435 1132 4501 patet.

206 4541 358 4592 Haeremus,
372 4539 406 4582 ed.
420 4539 500 4580 Flach.
1073 4538 1087 4576 c
