2910 5056
591 300 876 357 Psouaaonana
1142 261 1148 273 ⁶
1205 305 1305 361 uxvu

157 466 247 530 ronis
274 488 312 530 ex
337 464 478 530 Suidana
503 466 613 550 glossa
637 465 915 547 colomannus
937 465 1076 531 Romani
1101 490 1139 531 ex
1158 467 1305 552 Aelian0,

157 572 252 637 Fabii
271 571 412 637 Pictoris
432 593 471 635 ex
489 569 629 654 Polybio
649 572 780 637 fluxisse
804 572 907 637 docui.
948 572 997 636 De
1020 573 1071 638 his
1096 574 1171 638 vltis
1195 575 1304 658 dispu-

156 680 227 744 tavi
256 679 340 744 Mus.
358 678 461 742 Rhen.
480 676 623 742 XXXVI
642 703 672 763 p.
692 679 757 743 316
772 702 847 763 seq,
870 701 933 763 quo
965 681 1037 760 loco
1069 703 1123 745 eos
1157 687 1304 747 auctores

155 787 321 851 Romanos
345 787 385 850 ab
402 784 568 868 Hesychio
589 784 752 850 adhibitos
772 807 843 850 esse
867 787 1015 870 exposui,
1039 788 1092 871 qui
1111 787 1162 852 vel
1187 810 1303 874 graece

157 892 361 976 scripserint,
389 891 477 956 velut
500 889 700 956 Claudianus
725 889 780 972 (cf.
795 892 921 977 thde,
948 891 1030 957 Mus.
1045 892 1149 958 Rhen.
1163 892 1303 958 XXXIII

155 1024 186 1085 p.
205 999 266 1064 167
286 997 386 1085 not),
410 997 583 1064 Suetonius
607 1000 655 1081 al,
680 1001 729 1063 vel
757 1000 798 1063 ab
823 1000 1092 1083 epitomatoribns
1116 999 1245 1065 Graecis
1269 1002 1325 1079 in,

155 1106 287 1170 brevius
311 1106 413 1170 coacti
436 1103 552 1190 sunt1),
578 1106 666 1169 velut
684 1105 815 1170 Asinius
834 1105 954 1189 Pollio,
976 1105 1156 1191 Eutropius
1181 1109 1229 1192 al,
1252 1111 1303 1172 vel

153 1210 257 1276 libros
286 1232 402 1296 graece
427 1213 565 1297 scriptos
585 1212 686 1276 latine
710 1214 874 1296 verterint,
897 1213 986 1277 velut
1004 1210 1106 1278 Iulius
1126 1212 1247 1279 Caesar
1272 1220 1304 1279 et

153 1317 287 1382 Brutus.
333 1318 512 1383 Omiseram
544 1323 651 1383 autern
681 1321 724 1404 gl.
754 1314 971 1405 Αὐσόνιοςῖ),
1003 1320 1141 1386 fortasse
1175 1323 1301 1407 glossas

151 1418 329 1512 matteas)
380 1425 486 1510 Atque
515 1426 544 1517 si
571 1426 806 1509 examinamus,
837 1449 899 1510 quo
928 1448 966 1490 ex
994 1426 1085 1492 fonte
1116 1429 1189 1493 illas
1213 1429 1302 1504 vitas

151 1529 336 1614 Hesychius
369 1532 616 1616 deprompserit,
654 1553 726 1596 cum
758 1531 935 1616 Eutropius
968 1533 1189 1600 recentissimo
1224 1557 1303 1602 aevo

151 1638 345 1704 tribuendus
365 1641 417 1723 sit,
441 1661 496 1704 eas
518 1643 575 1704 aut
594 1662 631 1702 ex
651 1659 767 1723 graeca
785 1638 938 1722 Eutropii
960 1641 1107 1705 versione
1132 1642 1181 1706 vel
1207 1643 1303 1706 versi·

150 1745 228 1810 onis
260 1746 461 1829 praefatione
493 1747 623 1810 fluxisse
652 1745 838 1829 suspiceris,
870 1767 966 1829 quam
998 1747 1157 1812 curaverit
1186 1745 1303 1832 Capito

150 1849 210 1936 (cf.
230 1850 345 1917 Suidas
371 1876 394 1918 s.
416 1851 477 1938 v.),
506 1853 561 1937 qui
584 1856 742 1938 regnante
765 1853 941 1917 Anastasio
971 1854 1022 1917 vel
1045 1853 1169 1918 Iustino
1197 1855 1302 1937 primo

148 1959 237 2024 vixit
264 1957 319 2046 (cf.
333 1960 449 2026 Malles
472 1961 510 2025 fr.
525 1960 599 2024 hist.
614 1958 662 2023 IV
675 1982 705 2043 p.
723 1957 814 2043 123),
849 1962 905 2023 aut
938 1982 975 2023 ex
1008 1960 1100 2024 libris
1132 1960 1302 2039 chronicis,

149 2089 238 2152 quos
257 2067 440 2151 Hesychius
459 2068 529 2152 ipse
547 2067 736 2150 composuit.
764 2065 846 2130 Rem
866 2065 1017 2131 hocloco
1041 2089 1107 2132 non
1126 2067 1302 2150 expediam.

227 2262 253 2329 1)
272 2260 313 2315 De
332 2263 385 2315 hac
403 2277 433 2315 re
453 2260 486 2315 cf.
496 2260 608 2328 Weber,
628 2259 767 2331 de‘latine
785 2259 909 2328 scriptis,
929 2276 1000 2327 quae
1016 2259 1114 2315 Graeci
1130 2292 1161 2299 -
1178 2262 1298 2339 transtu·

146 2340 248 2396 lerunt
266 2341 291 2394 II
311 2343 402 2410 (1848)
421 2358 447 2409 p.
465 2345 496 2394 18
513 2356 570 2408 seq.
618 2350 622 2355 ’
762 2339 764 2343 ’

226 2423 253 2488 2)
273 2419 305 2473 In
322 2418 438 2474 Ausonii
458 2419 518 2474 vita
537 2420 604 2473 duos
624 2419 772 2488 scriptores
792 2421 919 2474 confusos
939 2437 999 2475 esse
1018 2421 1093 2475 recte
1113 2422 1222 2475 monuit
1235 2421 1302 2475 Gut

149 2501 317 2652 schmglbe
337 2581 440 2650 Aquila
458 2582 492 2636 cf.
513 2580 633 2649 Teuffel,
653 2580 708 2633 Lit.
727 2580 826 2635 Itom³
845 2585 859 2645 ξ
875 2585 936 2649 374,
952 2588 976 2635 6.

622 2685 835 2701 -Δ----

223 2778 268 2832 Ad
282 2778 392 2846 Proleg.
406 2794 433 2845 p.
450 2776 540 2831 XXVI
556 2776 589 2832 A.
601 2777 718 2832 Scltoeac
734 2776 804 2830 mihi
819 2776 942 2845 scripsit:
963 2774 1028 2831 uod.
1044 2777 1105 2830 Par.
1122 2783 1300 2844 28288198»-

146 2853 307 2905 branaceus
325 2866 396 2904 saec.
415 2847 479 2917 XII,
498 2848 547 2902 fol.
566 2855 631 2915 291,
651 2849 728 2902 cuius
746 2848 794 2902 fol.
816 2852 911 2901 1—25
931 2850 961 2902 et
978 2853 1127 2902 278-891
1147 2849 1302 2906 recentiore

146 2939 237 2978 manu
261 2920 360 2975 addita
382 2921 446 2974 sunt
467 2936 518 2975 nec
542 2920 650 2975 diversa
672 2920 790 2974 fortasse
814 2919 849 2973 ab
873 2935 919 2987 ea,
944 2918 989 2972 cui
1014 2924 1083 2973 2625
1105 2919 1153 2976 fol.
1173 2925 1226 2974 260
1243 2937 1301 2989 seq.

149 2992 301 3048 debentur.

223 3063 269 3117 Ad
287 3081 314 3132 p.
336 3068 386 3118 169
405 3081 431 3117 v.
451 3058 593 3116 Πλάτων
612 3061 725 3131 scripsit
743 3062 780 3115 E.
794 3061 901 3124 Rotae:

226 3135 307 3189 Falsa
330 3134 398 3188 olim
421 3133 513 3202 specie
536 3133 680 3201 inductus,
705 3133 807 3187 Suidae
830 3132 914 3186 illud:
938 3131 987 3184 aul
1009 3126 1109 3185 ὑπνῶν
1132 3126 1238 3202 ἀνεβίω
1259 3150 1299 3186 se-

148 3206 274 3262 cundum
295 3204 398 3260 [nertii
417 3203 604 3258 narrationem
623 3204 671 3272 (III
690 3211 704 3269 ς
724 3206 750 3273 3)
776 3203 969 3273 castigandum
993 3218 1052 3257 esse
1077 3201 1190 3258 credidi.
1228 3203 1301 3258 Ecce

148 3279 223 3343 iam,
243 3275 293 3346 qui
310 3275 384 3331 idem
403 3279 487 3344 atque
507 3275 605 3329 Suidas
624 3277 757 3343 testatur,
779 3275 981 3340 Tertullianus,
1005 3274 1041 3326 de
1059 3273 1154 3327 anima
1172 3290 1232 3342 cap.
1253 3280 1300 3328 52:

150 3347 226 3419 „etsi
255 3347 327 3416 (quis
356 3347 485 3416 spirltum
514 3346 638 3413 exhalet)
666 3363 716 3416 per
745 3346 883 3400 somnium
911 3344 1086 3413 (‘somnum’
1117 3343 1302 3413 probabiliter

150 3419 313 3488 Oehlerus),
337 3421 369 3472 ut
392 3418 504 3472 Plato“.
545 3417 587 3470 Ex
609 3417 662 3472 hoc
685 3417 851 3472 Tertulliani
874 3416 960 3484 (quod
980 3415 1028 3469 ille
1052 3415 1172 3470 fortasse
1192 3414 1299 3471 Sorano

150 3490 248 3558 debet)
272 3490 445 3556 testimonio,
473 3489 508 3543 ab
535 3488 574 3543 eis
600 3488 648 3557 qni
671 3488 796 3543 Platonis
822 3487 910 3542 vitam
936 3488 1135 3541 enarraverunt
1160 3487 1298 3557 neglecto,

151 3561 262 3617 Laertii
277 3561 465 3615 narrationem
479 3558 594 3614 alterius
609 3560 731 3614 auctoris
746 3559 882 3614 relatione
896 3557 1100 3612 inconsiderate
1114 3557 1298 3627 interpolasse

152 3630 325 3703 Hesychium
343 3633 468 3701 apparet.
501 3630 629 3684 Alterum
642 3630 723 3684 illum
738 3630 881 3685 auctorem
897 3629 920 3683 si
935 3629 996 3698 quis
1012 3629 1198 3698 Porphyrium
1212 3629 1299 3682 fuisse

152 3703 318 3771 coniecerit,
342 3719 386 3757 me
406 3703 480 3756 certe
500 3719 554 3755 nou
572 3702 689 3756 habebit
707 3702 912 3770 obloquentem.
945 3699 1022 3753 Haec
1040 3698 1124 3753 modo
1144 3700 1301 3754 consideres

152 3791 227 3899 quipp
246 3771 645 3898 ercerptionibus,paertipnis
664 3773 831 3909 iutrprposipit
851 3771 963 3858 aliunde
987 3770 1114 3896 spblecta
1131 3771 1300 3908 Hespcgrius:

153 3866 189 3902 ov
266 3866 284 3898 α
308 3864 340 3899 (W
362 3864 426 3898 τινα
452 3864 485 3898 Ol)
538 3863 553 3897 0
575 3863 650 3897 tttW
673 3864 710 3898 aar
735 3864 795 3898 ᾱπα
840 3861 877 3896 σω
901 3862 967 3904 ατθς
991 3861 1003 3896 ἒ
1017 3862 1031 3905 ς
1057 3861 1159 3908 πειρᾶν
1202 3862 1301 3910 θαμε-

153 3937 216 3978 νοςε
235 3864 384 3985 liorihyrii
402 3864 728 3970 doccanamiascecicam
747 3914 817 3970 talia
835 3863 961 3968 reddlere
979 3913 1062 3968 facile
1076 3914 1219 3968 concedes.
1250 3913 1301 3966 Cui

152 4005 221 4043 num
240 3988 352 4057 praeter
365 3986 423 4041 alia
441 3987 577 4054 quaedam
594 3986 714 4054 minora,
736 4004 806 4054 quae
826 3986 969 4039 aLaertio
989 3986 1064 4039 certe
1083 4002 1138 4039 non
1157 3985 1301 4038 mutuatus

152 4061 199 4114 est
223 4058 283 4126 (rod
306 4058 425 4126 ποιητοῦ
447 4089 479 4097 -
504 4051 566 4127 μετ’
586 4053 675 4111 αὐτόν
695 4089 727 4097 -
752 4053 784 4112 ed
808 4055 934 4126 στέρνον)
957 4054 1168 4110 memorabilem
1190 4072 1300 4123 quoque

151 4129 236 4184 illum
251 4128 377 4184 Platonis
396 4146 596 4197 successorum,
619 4147 702 4196 quem
720 4129 775 4199 ipsi
794 4129 828 4182 de
843 4127 968 4182 Platonis
987 4127 1053 4181 fatis
1066 4127 1220 4181 narrationi
1237 4126 1300 4179 sub-

153 4201 259 4267 texuit,
278 4200 398 4254 indicem
417 4200 519 4255 debeat
532 4199 699 4269 Hesychius,
717 4217 774 4254 non
788 4200 915 4254 decerno
949 4198 1078 4253 Ceterum
1097 4197 1127 4251 in
1139 4195 1231 4250 indice
1249 4195 1300 4249 illo

153 4267 418 4340 acernaacerna
441 4273 470 4324 et
488 4267 642 4340 Χαρμᾶὃας
664 4271 747 4341 plura
769 4270 883 4325 nomina
906 4268 1033 4325 omisisse
1055 4267 1232 4322 librariorum
1257 4285 1300 4321 so-

153 4343 280 4398 cordiam
304 4343 433 4412 apparet;
462 4341 522 4396 fieri
549 4342 622 4396 enim
649 4342 758 4410 nequa,
783 4344 817 4395 ut
842 4339 1013 4396 Charmadas
1038 4339 1124 4409 ipsius
1151 4338 1301 4394 Carneadis

154 4430 298 4469 successor
316 4415 460 4470 habeatur.
480 4443 514 4454 -
533 4413 550 4467 l.
573 4420 604 4468 18
624 4409 650 4483 η’
670 4431 720 4483 pro
740 4410 764 4467 κ’
785 4430 854 4469 corr.
871 4413 927 4467 iam
947 4413 984 4468 K.
1000 4411 1035 4465 F.
1050 4411 1203 4465 Hermann.

1051 4544 1087 4600 θ*
