2910 5056
187 327 229 391 68
648 324 862 382 HESYCHIUS.
954 324 957 328 ’

275 488 409 555 OOLIX.
430 484 733 575 Ἐρασίστρατος
744 483 925 573 Ἰουλιήτης
943 481 1009 552 άπδ
1022 481 1193 574 Ἰονλίδος,
1207 486 1336 567 πόλεως

186 597 263 664 Κέω
290 599 348 682 τής
376 595 492 681 νήσου.
542 598 729 683 χρηματίζει
763 584 826 660 οὖν
854 592 977 679 Κήίος,
1010 592 1084 671 υίὸς
1111 592 1337 679 Κρητοξένης,

184 706 244 788 τής
265 705 406 789 Μηδίου
429 705 490 769 τοῦ
515 703 632 786 ἰατροῦ
656 696 819 786 ἀδελφῆς,
847 701 902 767 καὶ
926 697 1173 786 Κλεομβρότου.
1220 689 1337 782 [οὗτος

183 806 353 897 Ἀντίοχον
376 805 436 878 τὸν
459 808 597 893 βασιλέα
616 810 784 874 νοσοῦντα
804 802 869 875 ὑπὸ
889 810 949 874 τοῦ
967 809 1026 892 τής
1043 808 1207 894 μητρυιᾶς
1225 813 1336 895 Στρα·

128 966 132 973 -
159 922 319 1002 δυονίκης
346 912 460 982 πόθου
488 913 620 1000 ίάσαιο,
655 911 765 999 εὑρὼν
793 911 830 981 τὸ
860 912 970 993 πάθος
998 915 1033 980 ἐκ
1060 917 1244 1000 τοῦέσχεῑν
1273 911 1337 999 τήν

184 1037 279 1110 χεῖρα
311 1023 363 1090 ἐπὶ
395 1019 458 1109 τήν
488 1026 630 1110 καρδίαν
660 1019 766 1090 αὐτοῦ
792 1022 848 1089 καὶ
875 1019 935 1089 τὸν
962 1029 1095 1109 παλμου
1124 1020 1337 1090 συνεικάσαι·

186 1126 301 1209 ὁσάκις
327 1126 391 1219 γάρ
408 1133 556 1215 ’ἔβλεπεν
585 1125 602 1197 ὁ
624 1127 792 1215 Ἀντίοχος
818 1126 882 1214 τήν
911 1126 1077 1216 μητρυιάν
1100 1124 1206 1196 αὐτοῦ
1228 1126 1337 1216 τυχὸν

185 1238 416 1325 διερχομένην,
436 1236 593 1305 ἐπάλλετο
613 1234 675 1323 τήν
693 1239 835 1321 καρδίαν
854 1235 995 1323 μάλιστα
1012 1238 1057 1326 τῷ
1072 1237 1195 1321 ταύτης
1210 1240 1335 1324 ἔρωτα]

185 1345 345 1411 τέθαπται
375 1342 412 1409 δὲ
438 1342 522 1431 πρὸς
548 1347 593 1436 τῷ
622 1341 692 1431 ὅρει
721 1346 761 1431 τή
790 1345 950 1430 Μυκάλη,
978 1357 1177 1433 καταντικρυ
1201 1343 1338 1431 Σάμου.

146 1471 172 1510 1⁰
187 1454 330 1536 ἔγραφεν
355 1447 485 1538 ἰατρικά
507 1453 621 1534 βιβλία
643 1448 692 1516 θ’.
1055 1446 1057 1451 ’

276 1574 396 1642 CCLX.
439 1572 772 1662 Ἐρατοσθένης
801 1571 943 1660 Ἀγλαοῦ
975 1576 1026 1663 (ολ
1054 1573 1091 1642 δὲ
1115 1570 1339 1662 Ἀμβροσίου)

186 1673 391 1767 Κυρηναῖος,
411 1678 564 1768 μαθητής
577 1679 769 1767 φιλοσόφον
786 1677 984 1770 Ἀρίστωνος
999 1684 1101 1767 <τοῦ>
1115 1686 1214 1766 Χίου,
1232 1707 1340 1770 γραμ·

185 1790 326 1874 ματικοῦ
355 1785 392 1853 δέ
419 1792 595 1855 Λυσανίου
622 1791 683 1855 τοῦ
714 1793 913 1877 Κυρηναίου
940 1788 995 1855 καί
1025 1789 1245 1875 Καλλιμάχου
1276 1793 1340 1856 τοῦ

184 1897 335 1981 ποιητοῦ.
372 1894 585 1981 μετεπέμφθη
611 1894 649 1963 δὲ
672 1896 705 1975 ἐξ
725 1892 881 1981 Ἀθηνῶν
904 1891 970 1962 ὑπὸ
992 1898 1054 1962 τοῦ
1073 1900 1188 1983 τρίτου
1207 1903 1339 1965 Πτολε-

146 2023 172 2063 1⁵
186 2008 302 2088 μαίου,
339 2001 394 2069 καὶ
427 2002 575 2087 διέτριψε
607 2004 702 2089 μέχρι
734 2006 795 2070 τοῦ
826 2003 991 2089 πέμπτου,
1024 1999 1080 2069 διὰ
1113 2001 1150 2070 δὲ
1182 1999 1222 2070 τὸ
1260 2007 1341 2073 δευ-

185 2109 332 2193 τερεύειν
365 2109 402 2175 ἐν
433 2110 531 2175 παντὶ
560 2110 643 2175 είδει
669 2111 821 2188 παιδείας
848 2122 918 2189 τοῖς
945 2107 1060 2197 άκροις
1087 2111 1222 2196 ἐγγίσας
1249 2115 1341 2198 βῆτα

186 2213 366 2300 ἐπεκλήθη·
396 2217 430 2281 οί
451 2215 487 2282 δὲ
510 2217 565 2283 καὶ
589 2212 791 2303 δευτερονή
821 2217 901 2284 νέον
925 2218 1107 2303 Πλάτωνα,
1133 2215 1232 2284 άλλοι
1261 2219 1342 2287 πέν-

186 2328 315 2388 ταθλον
339 2319 509 2388 ἐκάλεσαν.
546 2323 664 2408 ἐτέχθη
685 2319 722 2388 δὲ
741 2322 815 2410 ρκς’
836 2319 1027 2410 ὀλυμπιάδι,
1045 2323 1101 2390 καὶ
1120 2324 1341 2412 ἐτελεύτησεν

186 2428 222 2495 π’
255 2431 338 2496 ἐτι-ὄν
365 2430 526 2516 γεγονάς,
554 2430 783 2516 άποσχόμενος
805 2433 932 2517 τροφής
951 2429 1008 2497 διά
1030 2429 1068 2498 τὸ
1092 2427 1342 2521 άμβλυοέττειν,

145 2577 171 2616 20
185 2535 341 2623 μαθητήν
373 2538 536 2624 ἐπίσημον
564 2534 753 2604 καταλιπων
779 2534 1022 2624 Ἀριστοφάνην
1049 2536 1110 2605 τὸν
1133 2538 1341 2629 Βυζάντιον,

186 2633 226 2710 οὗ
258 2642 358 2711 πάλιν
389 2640 600 2732 Ἀρίσταρχος
631 2642 792 2730 μαθητής.
846 2644 995 2730 μαθηταὶ
1028 2644 1065 2712 δὲ
1097 2641 1202 2713 αὐτοῦ
1238 2654 1342 2717 Μνα-

186 2751 263 2829 σέας
285 2749 340 2816 καὶ
361 2752 563 2837 Μένανδρος
592 2752 647 2818 καὶ
666 2749 822 2837 Ἀριστις.
860 2755 983 2837 έγραφε
1012 2750 1049 2818 δὲ
1076 2751 1252 2839 φιλόσοφα
1281 2757 1342 2824 καὶ

185 2855 351 2943 ποιήματα
374 2859 428 2924 καὶ
453 2862 616 2946 ίστορίας,
641 2853 868 2945 άστρονομίαν
894 2851 914 2943 ή
937 2843 1235 2948 καταστερισμούς,
1251 2864 1342 2949 περὶ

256 3095 362 3152 OCLIX
380 3097 493 3152 Errasse
513 3099 623 3153 constat
641 3098 737 3166 Steph.
753 3098 808 3166 Βγι
826 3116 852 3154 v.
872 3098 949 3166 Κῶς,
968 3099 1017 3167 qui
1035 3100 1109 3155 hunc
1128 3099 1339 3160 Erasistratum

186 3174 272 3231 Coum
295 3176 376 3246 fecit,
401 3177 454 3232 sibi
477 3176 532 3247 ipsi
555 3179 718 3233 adversatus
741 3196 766 3231 v.
789 3174 885 3241 Ἰονλίς
958 3187 972 3233 1
995 3175 1145 3242 Ἰουλιάδος
1163 3183 1239 3253 vulp.
1264 3202 1340 3242 corr,

185 3257 348 3328 Μικαρίαε,
371 3276 425 3313 rec.
446 3258 592 3314 Wsstsrm.
670 3264 686 3313 2
706 3257 826 3320 ΚέωςΔ
916 3265 932 3312 3
956 3253 1090 3323 οὗτος-
1111 3259 1191 3330 ἐρωτι
1217 3281 1276 3319 non
1301 3267 1341 3322 ab

183 3336 323 3406 Hesychio
342 3338 469 3409 perfecta
487 3341 560 3407 sunt,
579 3339 628 3394 sed
640 3338 728 3408 ipsius
745 3336 847 3391 Suidae
864 3338 989 3414 sollertia
1004 3339 1101 3395 addita
1115 3359 1149 3396 ex
1162 3343 1239 3400 plut.
1254 3345 1339 3400 Dsm.

183 3435 211 3486 p.
231 3423 281 3472 907
300 3418 347 3472 vel
365 3419 486 3489 Appian.
506 3421 540 3473 de
558 3419 640 3473 bellis
659 3418 716 3487 Syr.
736 3436 763 3487 p.
783 3424 835 3471 204
854 3419 900 3472 vel
918 3419 981 3473 Val.
1000 3420 1073 3474 Max.
1087 3421 1122 3492 V,
1138 3428 1152 3476 7
1169 3422 1215 3476 vel
1230 3425 1268 3479 al.
1295 3426 1338 3483 ef.

184 3497 254 3552 Mus
273 3498 361 3556 Rhen.
379 3498 483 3554 XXXV
502 3519 529 3569 p.
549 3506 601 3553 210
674 3505 688 3553 7
709 3494 807 3560 ὁσάκις
826 3529 859 3539 -
880 3496 961 3567 ἔρωτι
980 3517 1033 3555 om.
1053 3506 1076 3554 A

255 3586 347 3641 CCLX
369 3588 445 3644 Eud.
469 3607 496 3659 p.
516 3594 575 3644 300.
613 3587 653 3642 Cf.
674 3586 768 3657 steph.
788 3586 852 3656 Byz.
876 3607 903 3643 v.
922 3583 1046 3658 Κυρήνη.
1084 3590 1221 3646 Tractant
1247 3592 1338 3649 Bern-

182 3664 281 3734 hardy,
299 3665 476 3722 Eratosthen.
494 3686 521 3736 p.
536 3667 589 3722 VII
604 3684 674 3739 seq.‚
693 3667 787 3735 Daub‚
808 3667 886 3721 ssud.
905 3686 932 3738 p.
951 3673 986 3722 83
1060 3676 1091 3723 11
1116 3667 1146 3724 ολ
1167 3668 1199 3725 δέ
1222 3667 1335 3746 Ἀμβρο-

183 3746 245 3798 σίοο
270 3761 323 3800 om.
342 3747 418 3802 Eud.
443 3764 524 3803 nemo
545 3753 657 3819 praeter
676 3748 790 3803 Suidam
809 3748 1037 3803 commemoravit
1116 3755 1147 3804 12
1167 3754 1335 3823 Κυρηναῖος

184 3841 237 3878 om.
252 3825 328 3880 Εκά.
384 3819 466 3889 οὗτος
485 3823 606 3896 ἤκουσεν
624 3829 700 3884 Eud.
789 3823 995 3896 Ἀριστοχίουῗ
1018 3829 1068 3882 τοῦ
1086 3832 1158 3884 Χίον
1181 3836 1336 3902 proposuit

183 3904 362 3976 Bernhardy,
380 3909 452 3962 Χίου
470 3910 542 3979 vulp.
630 3915 663 3963 14
682 3907 870 3978 μετεπέμφθη
891 3940 922 3946 -
938 3905 1051 3978 Ἀριστις
1069 3927 1123 3966 om.
1143 3911 1220 3969 Ειιά.

185 3990 218 4038 15
237 3982 373 4055 διέτρεφε
392 3988 477 4042 Βααδ
528 3984 575 4042 διά
595 4020 629 4029 -
650 3985 795 4056 ἐπεκλήθη
815 3988 963 4058 descripsit
983 3989 1231 4063 Ρεααιίο-Ηιεγσλι.
1252 4012 1275 4048 ο.
1295 4003 1330 4050 27

185 4073 217 4120 16
238 4061 363 4135 ἐγγίσασι
381 4069 453 4138 vulp.
474 4064 590 4137 έχγίζων
608 4069 674 4124 Hes,
695 4065 806 4139 ἐγγίσας
820 4089 888 4127 corr.
905 4071 1042 4140 Τουρίαν,
1061 4072 1110 4140 qui
1129 4075 1158 4127 et
1177 4069 1327 4142 ἐγγίσαντα

182 4147 310 4201 laudavit
328 4143 439 4218 βήματα
457 4148 523 4202 libri
543 4149 614 4220 βῆτα
633 4149 699 4204 Hes⁸
730 4220 733 4226 Ι
783 4157 815 4207 18
836 4148 939 4220 ἐτέχθη
961 4183 994 4191 -
1013 4152 1063 4205 καλ
1085 4169 1138 4207 om.
1158 4157 1189 4221 V,
1209 4170 1325 4221 quorum

183 4226 245 4282 loeo
264 4227 336 4296 legit
354 4219 437 4291 οὗτος
510 4234 543 4281 19
562 4223 820 4300 άποσχισόμενοςΔ
892 4240 927 4287 20
946 4229 1077 4303 μαθητής
1097 4232 1166 4288 δέΔ
1238 4240 1270 4288 21
1290 4229 1322 4289 σά

182 4304 267 4361 πάλιν
287 4339 320 4348 -—
332 4304 449 4379 Ἀριστις
467 4310 560 4365 om.V
647 4316 680 4364 22
694 4308 808 4380 Ἀριστις
826 4312 951 4367 defendit
972 4314 1109 4381 Meineke,
1131 4314 1167 4367 ad
1186 4313 1318 4368 Theocrit.

182 4386 247 4455 VII,
268 4394 319 4442 100
341 4384 535 4460 Ἀριστοφάνης
552 4390 648 4461 inepte
665 4393 777 4462 flagitat
795 4393 961 4462 Bernhardy
1033 4398 1068 4446 23
1087 4388 1317 4463 καταστηριγμοάς

182 4467 300 4523 ΑΕαιί.
318 4471 390 4543 υκλρ.
410 4467 645 4542 καταστερισμοάς
666 4473 768 4529 Portus
