2880 5054
605 312 819 368 nnsncnlns.
1220 271 1282 378 σοι

228 472 412 539 DCOLXV.
449 470 693 558 Σωσιφάνης
712 475 924 552 Σωσικλέους
942 473 1186 561 Συρακούσιος,
1209 501 1285 562 τρα-

137 576 240 663 γικός.
294 579 424 659 ἐδίδαξε
457 576 606 664 δράματα
640 577 704 666 ον’,
737 580 867 666 ἐνίκησε
899 579 936 647 δέ
969 579 1005 660 ζ’.
1058 585 1126 647 ἔστι
1160 580 1196 648 δὲ
1229 582 1284 648 καὶ

137 683 239 764 αὐτὸς
272 687 307 751 ἐκ
338 688 406 752 τῶν
440 683 467 766 ζ’
500 690 682 772 τραγικῶν,
715 689 836 766 οἵτινες
868 684 1119 774 ὠνομάσθησαν
1152 688 1284 768 Πλειάς.

136 793 269 878 ἐγένετο
294 791 331 858 δὲ
354 793 407 860 ἐπὶ
430 795 497 860 τῶν
522 799 719 860 τελευταίων
737 793 870 882 χρόνων
893 800 1071 880 Φιλίππου,
1095 798 1131 862 cI
1148 796 1185 863 δὲ
1201 794 1285 862 Ἀλε-

138 898 289 986 ξάνδρου
312 903 372 966 τοῦ
398 898 607 977 Μακεδόνος.
645 905 792 991 [τελευτᾷ
817 900 854 967 δὲ
878 901 947 987 ρια’
970 897 1167 987 ὀλυμπιάδι,
1192 905 1226 967 οί
1248 901 1311 968 δὲο

140 1006 238 1094 ριδ’.]
285 1009 319 1072 cI
341 1005 378 1072 δέ
402 1001 548 1092 άκμάσαι
571 1002 676 1073 αὐτὸν
698 1006 876 1094 γράφουσι.

228 1112 429 1179 DCOLXVI.
467 1111 607 1179 Σωτάδ
613 1138 656 1190 ας
678 1112 860 1194 Βυζάντιος
883 1113 1086 1202 φιλόσοφος,
1181 1112 1226 1195 ὡς
1249 1119 1286 1184 ἐν

135 1225 182 1312 τῷ
202 1219 241 1302 ς’
264 1219 340 1306 περὶ
364 1222 567 1306 φιλοσοφίας
588 1216 805 1306 Ἀριστοκλῆς.

226 1328 443 1394 DGOLXVII.
490 1325 681 1412 Σωτάδης
709 1325 888 1413 Ἀθηναῖος
920 1327 1064 1416 κωμικὸς
1094 1333 1152 1416 τῆς
1184 1331 1286 1417 μέσης

135 1437 322 1524 κωμωδίας.
1298 1458 1324 1497 ιο

227 1541 462 1608 DCOLXVIII.
494 1538 683 1625 Σωτάδης
703 1537 882 1626 Ἀθηναῖος
905 1542 1093 1631 φιλόσοφος
1117 1541 1134 1611 ὁ
1155 1544 1285 1630 γράψας

136 1651 212 1737 περὶ
238 1653 432 1735 μυστηρίων
454 1651 587 1732 βιβλίον
606 1646 650 1715 α’.

226 1756 426 1823 DOOLXIX.
464 1754 652 1841 Σωτάδης
675 1754 770 1855 Κρὴς
791 1753 854 1842 <ῆ>
878 1765 1113 1846 Μαρωνείτης,
1133 1764 1283 1846 δαιμονι-

136 1870 248 1948 σθείς,
278 1862 517 1949 ίαμβογράφος.
568 1867 690 1949 ἔγραψε
719 1861 884 1948 φλύακας,
912 1862 985 1950 ῆτοι
1012 1869 1186 1945 κιναίδους
1214 1869 1283 1933 δια-

136 1972 240 2060 λέκτφ
256 1966 400 2058 Ἰωνικῆ·
419 1969 473 2036 καὶ
492 1967 556 2055 γάρ
573 1966 714 2055 Ἰωνικαὶ
734 1968 828 2054 λόγοι
848 1972 1028 2039 ἐκαλοῦντο
1050 1963 1152 2041 οὗτοι.
1190 1973 1283 2060 ἐχρῆ-
1299 1991 1324 2030 1⁵
1368 2023 1372 2031 .

137 2069 218 2144 σατο
257 2076 294 2144 δέ
330 2079 375 2168 τῷ
412 2079 493 2143 είδει
524 2073 630 2165 τοάτφ
663 2075 718 2142 καὶ
748 2073 963 2165 Ἀλέξανδρος
996 2075 1013 2144 ὁ
1046 2077 1198 2157 Αἰτωλὸς
1228 2081 1284 2146 καὶ

137 2183 256 2273 Πάρης
295 2181 312 2250 ὁ
347 2181 517 2267 Μιλήσιος
553 2181 608 2248 καὶ
639 2186 853 2267 Θεοδωρίδας
884 2184 937 2250 καὶ
975 2190 1197 2272 Τιμοχαρίδας
1229 2186 1283 2252 καὶ

138 2293 316 2379 Ξέναρχος.
353 2291 417 2358 elci
441 2290 478 2357 δὲ
503 2286 607 2358 αὐτοῦ
630 2294 703 2376 είδη
727 2298 872 2377 πλείστα,
897 2285 971 2360 οἷον
990 2291 1165 2372 είςἍιδου
1187 2293 1284 2362 κατά-

207 2449 356 2506 DOCLXV
376 2451 452 2506 Eud.
472 2469 499 2520 p.
514 2456 574 2504 616.
602 2448 789 2504 cf.We10ker
808 2470 834 2519 p.
852 2456 919 2504 1266
977 2451 1112 2506 1Veram
1131 2452 1282 2507 lectionem

137 2549 170 2586 ex
192 2531 283 2585 tribus
306 2530 368 2585 Per.
393 2532 434 2600 (et
457 2530 519 2588 Vat.
539 2529 642 2596 Pears.)
666 2529 790 2585 restituit
808 2530 957 2598 Καειααε,
981 2527 1154 2609 Σωσιφάνης
1181 2528 1284 2602 ὁμοίως

137 2607 243 2681 κάριον.
281 2611 427 2678 Σωσικλῆς
445 2607 621 2671 Σωσικλέους
639 2617 661 2663 Ε
678 2610 750 2679 vulp.
770 2610 832 2665 edd.
856 2613 923 2665 vett.
944 2612 1088 2681 Σωσικλῆς
1106 2611 1284 2675 Σωσικλέους

136 2708 190 2745 om.
205 2687 377 2760 Σωσιφάνης
391 2690 466 2745 Eud.
486 2685 658 2758 Σωσιφάνης
672 2685 763 2759 ὄνομα
777 2685 888 2759 κύριον,
906 2687 968 2752 υίὸς
982 2691 1160 2753 Σωσικλέους
1174 2696 1196 2742 V
1216 2691 1282 2746 olim

137 2776 199 2828 erat
216 2776 290 2827 Σωσ.
310 2766 352 2827 ὅν.
372 2792 432 2841 κυρ.
453 2774 560 2840 Σωσιφ.
582 2765 626 2840 ὁμ.
645 2788 706 2838 κνρ.
726 2765 849 2838 Σοσιφά.
879 2770 1055 2834 Σωσικλέους
1132 2777 1149 2824 2
1169 2767 1281 2836 ἐδίδαξε

137 2870 192 2920 seq.
213 2853 284 2907 haec
303 2873 323 2907 s.
342 2853 388 2906 fin.
405 2851 481 2906 vitae
499 2851 675 2920 expectasses
747 2857 764 2905 4
784 2847 813 2905 οί
829 2848 861 2905 δὲ
883 2882 914 2890 -
934 2851 998 2907 exit.
1018 2868 1072 2906 cm.
1092 2852 1167 2905 Εκιί.

137 2940 152 2986 5
177 2931 243 3001 ρκα’
265 2965 296 2973 -
322 2927 387 3002 ρκδ’
411 2949 479 2987 corr.
500 2930 612 2985 Οίίκλοκ
635 2932 674 2985 III
697 2951 723 3001 p.
744 2937 773 2998 ὅ,
802 2932 850 2987 sed
874 2950 987 2987 causam
1015 2931 1116 2988 erroris
1142 2930 1283 3000 perspexit

135 3014 241 3081 Βολιάσ,
260 3015 331 3068 Mus.
347 3013 435 3068 Rhen.
450 3012 566 3067 XXXIII
580 3031 607 3082 p.
622 3018 674 3066 219
689 3014 756 3077 not,
775 3013 848 3067 unde
862 3012 898 3067 ab
912 3013 973 3082 ipso
989 3012 1075 3066 Suida
1089 3011 1134 3066 vel
1148 3012 1283 3066 electore

136 3094 222 3148 verba
240 3093 415 3164 ineptissima
434 3092 577 3162 adscripta
595 3108 655 3146 esse
677 3091 805 3159 suspicor

206 3172 366 3228 DOOLXVI
385 3189 439 3228 om.
455 3173 592 3227 Westerm.
624 3171 755 3226 Mutilam
769 3187 829 3225 esse
844 3171 929 3225 vitam
946 3171 1079 3240 suspicor.
1109 3170 1209 3231 Σῳιᾶς
1228 3167 1282 3222 Βί-

136 3256 247 3319 ζαντιος
269 3253 344 3322 apud
364 3253 450 3308 Τκιίτ.
471 3253 536 3320 Lyc.
554 3258 622 3313 1350
640 3250 698 3321 legi
717 3251 825 3305 monuit
842 3251 1021 3320 Βινκλιανιίη;
1045 3249 1176 3304 laudatur
1197 3249 1280 3303 etiem

136 3350 170 3387 ex
183 3333 301 3388 Ptolem.
318 3331 431 3387 Chenno
446 3332 490 3402 (cf.
502 3331 626 3385 Hercher
635 3350 662 3400 p.
673 3336 718 3401 23)
757 3339 771 3386 7
787 3333 821 3385 de
832 3331 915 3386 Arist.
927 3351 951 3385 v.
963 3331 1067 3384 Μιῑῑίιν
1076 3329 1114 3383 IV
1124 3349 1150 3398 p.
1162 3335 1213 3383 329
1223 3331 1280 3382 not.

207 3411 379 3468 DOCLXVII
407 3412 523 3466 Tractat
540 3411 669 3465 Meineke
687 3409 701 3461 Ι
718 3429 745 3480 p.
764 3417 830 3477 426,
857 3411 905 3479 qui
931 3408 1090 3465 comoedias
1117 3408 1175 3463 eins
1201 3408 1282 3462 affeit

134 3492 209 3546 infra
228 3491 286 3547 Sot.
301 3492 456 3546 Maronitas
475 3508 492 3546 a
510 3491 597 3545 Snida
615 3491 696 3544 datas
716 3490 761 3560 (cf.
781 3489 882 3544 Athen.
898 3489 950 3543 VII
968 3508 994 3559 p.
1010 3490 1072 3558 293)

206 3571 393 3627 DOOLXVIII
412 3571 487 3626 Εαιλ.
506 3589 533 3640 p.
550 3577 609 3625 657.
645 3569 686 3624 De
705 3568 846 3623 locutione
865 3568 900 3624 cf.
919 3587 944 3623 v.
965 3562 1149 3637 Πολυκράτης

136 3661 169 3708 12
191 3654 285 3727 βιβλία
303 3653 366 3718 τρία
385 3651 461 3706 Eud.

130 3781 134 3789 .
207 3731 366 3787 DCCLXIX
384 3731 460 3786 Eud.
474 3749 501 3800 p.
513 3736 573 3784 646.
595 3729 636 3784 cf.
651 3727 752 3783 Strabo
766 3728 831 3782 XIV
846 3747 873 3798 p.
885 3735 945 3785 648.
965 3729 1100 3784 Tractant
1115 3728 1228 3784 Oiintcn
1243 3730 1280 3782 III

132 3833 160 3884 p.
178 3819 240 3880 500,
260 3811 470 3868 Sommerbrodt
482 3810 500 3865 I.
516 3827 539 3867 c.
554 3829 581 3880 p.
598 3817 629 3865 11
705 3814 737 3862 13
756 3802 774 3878 ἢ
793 3811 858 3879 post
878 3805 954 3879 Κρής
973 3809 1114 3878 supplevit
1133 3810 1280 3876 Νικίωνα,

132 3905 191 3962 quo
205 3894 242 3947 de
255 3892 325 3948 vitio
340 3892 374 3948 cf.
389 3911 414 3948 v.
428 3887 575 3959 ’Ἀφνρτοςς
590 3891 760 3961 Μαρωνίτης
773 3894 795 3941 V
811 3892 840 3943 ct
852 3890 955 3943 Athen.
968 3888 1033 3942 XIV
1046 3908 1073 3958 p.
1089 3895 1154 3958 620,
1179 3888 1228 3942 sed
1246 3888 1280 3941 cf.

133 3973 234 4043 Steph.
249 3973 315 4042 Byz.
329 3990 356 4028 v.
372 3968 541 4041 Μαράκεια;
561 3970 758 4040 δαιμονισθείς
776 3970 938 4038 corruptum
957 3969 1013 4037 est,
1032 3985 1095 4022 cum
1112 3967 1159 4023 vix
1178 3966 1280 4037 „male-

133 4051 260 4108 dicentia
277 4051 416 4107 ίιιοίοοαιιι
434 4051 591 4120 significare
606 4053 699 4117 queat.
717 4052 762 4104 An
776 4049 980 4117 καταλειφθείς
994 4046 1279 4116 (cf.Diog.IX,109)?

133 4128 284 4203 δαιμόνιός
297 4152 340 4195 τις
354 4129 425 4187 coni.
440 4131 601 4186 Gutcchmid
625 4134 701 4199 Μαρ.
716 4127 749 4184 δὲ
768 4128 915 4201 νομισθεὶς
927 4128 1022 4184 Βαλίε
1077 4132 1111 4181 14
1123 4121 1280 4198 pisinnusv

134 4217 170 4266 15
193 4208 368 4281 ἐχρήσαντοῗ
450 4216 483 4266 17
507 4205 604 4280 Πέρης
626 4208 724 4280 scripsi
746 4227 810 4265 cnm
831 4210 971 4266 Athmaeo
994 4202 1106 4276 Πύρρος
1127 4205 1200 4274 culp.
1239 4203 1279 4259 cf.

133 4290 278 4361 Meineke,
301 4289 383 4346 Anel.
402 4308 430 4360 p.
444 4296 497 4345 246
511 4307 568 4358 seq.
650 4290 831 4359 Θεοδωρίδας
853 4306 923 4345 corr.
943 4272 1068 4357 coeptus
1090 4280 1240 4353 Θεόδωρος
1257 4288 1281 4337 V

135 4366 289 4439 Θεοδάρας
304 4370 378 4439 vulp.
391 4368 468 4427 Eud.
489 4370 681 4441 Τιμοηαρίδας
697 4370 882 4441 suspectnm3'
894 4384 932 4425 an
951 4360 1112 4437 Τιμοχάρης
1129 4366 1181 4421 aut
1195 4360 1281 4435 Τιμέ·
1327 4411 1329 4415 .

133 4461 232 4524 pupae?
295 4456 329 4507 18
346 4448 493 4523 Ξέναρχος
510 4448 666 4521 Sophronis
683 4466 783 4521 nempe
800 4448 882 4511 filius,
905 4498 908 4505 .
