2880 5054
183 283 247 346 238
645 283 859 339 HESYOHIUS.

183 442 220 509 δὲ
250 439 511 531 Ἁλικαρνασσέα
546 446 727 530 ἱστοροῦσι.
772 445 930 529 γενέσθαι
965 442 1003 511 δὲ
1040 440 1123 511 κατὰ
1150 440 1310 511 Πανόασιν

182 561 251 627 τοῖς
274 548 423 636 χρόνοις,
448 549 499 616 ἐπὶ
524 548 561 617 δὲ
584 553 651 617 τῶν
671 553 848 636 Περσικῶν
877 547 1059 635 ὀλυμπιάδι
1084 549 1134 617 οε’
1152 556 1310 619 νεανίσκον

183 654 246 740 ἤδη
271 653 366 722 εἶναι.
410 655 535 723 δοῦλόν
558 682 592 722 τε
617 662 751 743 Σαμίου
773 654 865 735 τινός
888 652 992 723 αὐτὸν
1015 658 1193 744 γενέσθαι,
1216 655 1309 744 εὐειδῆ

184 761 275 829 πάνυ
297 759 359 848 τὴν
380 758 487 846 ὥραν,
511 774 632 846 φυγεῖν
655 787 689 827 τε
709 763 744 828 έκ
758 760 895 847 Σάμου,
919 761 974 828 καὶ
988 759 1160 855 Ἡροδότῳ
1179 767 1224 856 τῷ
1243 768 1311 833 isw-

160 873 268 959 ιρικῷ
292 867 563 955 παρεδρεόσαντα
587 867 698 953 λόγων
722 871 924 954 ἐρασθῆναι,
957 859 998 936 οὗ
1024 896 1117 949 τινος
1146 869 1247 939 αὐτὸν
1271 873 1312 940 καὶ

184 973 320 1042 παιδικά
348 976 523 1060 γεγονέναι
543 980 656 1059 φασίν.
701 976 880 1042 ἐπιθέσθαι
900 974 937 1042 δέ
960 981 1116 1064 ποιητικῇ
1144 978 1201 1045 καὶ
1225 986 1312 1046 τελεν

182 1086 280 1169 τῆσαι
308 1083 345 1149 έν
369 1086 566 1172 Μακεδονία
589 1079 677 1169 παρὰ
703 1080 866 1174 Ἀρχελάῳ
894 1086 939 1174 τῷ
967 1082 1043 1151 τότε
1066 1082 1172 1171 αὐτῆς
1193 1090 1310 1172 βασιλεῖ.

184 1194 306 1276 ἔγραψε
329 1188 508 1257 δὲταῦτα·
539 1187 600 1276 τὴν
627 1185 819 1274 Ἀθηναίων
843 1195 945 1275 νίκην
975 1188 1057 1257 κατά
1088 1192 1229 1279 Ξέρξου,
1257 1190 1307 1283 'ip’

184 1287 224 1362 οὗ
247 1294 430 1382 ποιήματος
452 1294 534 1364 κατά
558 1301 671 1383 στίχον
692 1300 841 1383 ,στατῆρα
869 1300 1018 1384 χρυσοῦν
1046 1297 1158 1388 ἔλαβεΙ
1185 1300 1240 1366 καὶ
1260 1298 1309 1366 siv

145 1426 169 1461 10
184 1415 254 1481 τοῖς
267 1399 412 1490 Ὁμήρου
431 1402 721 1488 ἀναγινώσκεσθαι
742 1404 930 1489 ἐψηφίσθη,
950 1402 1147 1494 ΙΛαμιακάΙ.
1170 1407 1226 1473 καὶ
1241 1404 1307 1474 ἄλλα

182 1507 258 1576 τινά
280 1510 448 1596 ποιήματα
471 1506 577 1577 αὐτοῦ
600 1510 743 1597 φέρεται.

271 1616 529 1684 DOOOLXXVI.
570 1616 852 1705 Χριστόδωρος
878 1623 1070 1704 Πανίσκου,
1099 1615 1165 1687 ἀπὸ
1192 1623 1307 1687 Κοπτοῦ

181 1721 308 1803 πόλεως
335 1727 393 1808 τῆς
416 1722 606 1808 Αἰγύπτου,
635 1723 804 1807 ἐποποιός,
833 1722 974 1811 ἤκμαζεν
1003 1725 1054 1792 έπλ
1082 1729 1153 1794 τῶν
1176 1724 1305 1794 Ἀναστα-

184 1834 260 1897 σίου
283 1834 344 1897 τοῦ
368 1831 530 1915 βασιλέως
549 1829 690 1916 χρόνων.
729 1836 874 1917 ἔγραψεν
892 1829 1059 1919 Ἰσαυρικά
1084 1835 1120 1901 έν
1139 1839 1272 1919 βιβλίοις
1282 1830 1304 1910 ς’

142 1957 167 1997 15
181 1937 262 2024 (ἔχει
287 1936 324 2003 δέ
346 1935 407 2023 τὴν
428 1934 594 2024 Ἰσαυρίας
613 1935 739 2005 άλωσιν
763 1937 824 2023 τὴν
842 1936 909 2007 ὑπὸ
925 1936 1146 2008 Ἀναστασίου
1160 1945 1220 2009 τοῦ
1236 1946 1304 2027 βασι·

181 2044 262 2121 λε’ως
280 2044 494 2130 γενομένην),
519 2043 640 2131 πάτρια
661 2044 1053 2125 Κωνσταντινουπόλεως
1074 2049 1193 2127 έπικῶς
1214 2050 1304 2134 βιβλία

181 2148 240 2235 ιβ’,
264 2150 385 2237 πάτρια
408 2156 653 2236 Θεσσαλονίκης
677 2153 795 2229 έπικῶς
817 2156 930 2236 βιβλία
953 2152 1013 2238 κε’,
1044 2152 1167 2242 πάτρια
1190 2153 1302 2237 Νάκλης

182 2257 264 2341 (ἔστι
289 2256 326 2324 δέ
349 2256 444 2336 πόλις
462 2256 536 2344 περὶ
554 2254 789 2343 Ἡλιούπολιν,
813 2260 850 2325 ἐν
868 2250 889 2346 ᾗ
908 2257 948 2325 τά
967 2259 1158 2347 καλούμενα
1172 2258 1302 2347 ”Apostoli

180 2360 301 2450 πάτρια
316 2364 472 2450 Μιλήτου
486 2368 543 2450 της
559 2361 701 2448 Ἰωνίας,
721 2362 843 2452 πάτρια
862 2366 1049 2452 Τράλλεων,
1073 2367 1195 2454 πάτρια
1209 2367 1301 2455 Ἀφρο-

140 2493 166 2531 20
181 2468 346 2557 δισιάδος,
383 2476 546 2559 έκφρασιν
577 2475 644 2539 τῶν
681 2472 718 2537 ἐν
753 2474 798 2562 τῷ
835 2473 1007 2563 Ζευξίππῳ
1042 2471 1238 2561 ἀγαλμάτων
1262 2469 1302 2538 καὶ

184 2584 544 2744 αλλαῡςὲὲέχῗΧΧἯΙ,
586 2673 867 2763 Χριστόδωρος
903 2682 1064 2763 Θηβαῖος,
1098 2676 1302 2765 Ἰλλοόστριος.

179 2863 206 2913 p.
222 2851 273 2899 265
335 2851 367 2897 19
386 2840 457 2899 κατά
478 2842 510 2898 δέ
530 2863 608 2904 τινας
625 2837 762 2913 Ἰασεδςῆ
781 2839 879 2912 (Ἰσεδς
898 2841 916 2914 ἡ
935 2846 1007 2915 cod.)
1025 2843 1071 2901 Ἆλ.
1087 2847 1187 2918 γέγονε
1205 2846 1235 2903 δὲ
1248 2840 1302 2902 κατά

178 2921 330 2979 ’Πανόασιν
349 2931 407 2986 τοῖς
425 2920 536 2993 χρόνοις
555 2923 631 2977 Eud.
656 2940 774 2994 pergens
799 2921 905 2993 ἔγραψε
930 2925 963 2980 δὲ
989 2922 1137 2990 ἐπιστολάς
1159 2924 1255 2991 πολλάς
1268 2921 1303 2979 ταὶ

180 3000 379 3075 ἐπιγράμματα
397 3004 447 3058 καλ
461 3005 618 3075 κωμῳδίας,
636 3021 707 3071 quae
726 3004 763 3058 ad
778 3007 877 3073 poetas
892 3004 1103 3061 christodorum
1118 3012 1149 3063 ei
1163 3007 1303 3064 Chionidsm

181 3088 306 3153 spectare
321 3085 378 3140 dixi
397 3085 426 3139 in
441 3101 536 3153 appar.
548 3083 622 3137 Εαιί.
634 3083 652 3137 l.
665 3101 687 3138 ο.
744 3090 759 3137 3
780 3086 896 3139 δοῦλονε
915 3085 1106 3156 Waciesmuth,
1126 3088 1218 3159 Symb.
1230 3108 1253 3159 p.
1266 3087 1302 3139 111

181 3170 196 3218 5
216 3160 440 3234 παρεδρεόσαντι
458 3169 512 3216 Est
597 3169 613 3216 8
633 3164 804 3234 compilavit
822 3164 1016 3220 Pseudo-Hes.
1036 3184 1059 3222 c.
1075 3172 1109 3221 7⁷
1191 3174 1223 3222 10
1239 3182 1304 3222 κατα-

179 3243 371 3313 passioneius
390 3250 410 3296 B
482 3239 616 3313 Λαμιακά
639 3245 674 3299 ad
692 3244 799 3298 bellum
817 3245 981 3300 Lamiacum
1006 3247 1035 3300 et
1053 3247 1195 3303 Issensem
1216 3243 1305 3304 rettulit

179 3326 273 3379 Ναελιι
290 3344 317 3394 p.
335 3331 384 3379 101
405 3321 540 3395 Σαμιακά
560 3323 684 3393 praeferi
705 3325 787 3378 [λανδ

251 3404 457 3460 DGCGLXXVI
476 3405 552 3459 Εαιλ.
572 3424 598 3474 p.
615 3410 673 3459 741.
711 3405 827 3460 Tractat
845 3405 948 3461 Msiller
966 3407 1005 3461 IV
1023 3426 1050 3477 p.
1066 3414 1128 3463 300.
1165 3408 1205 3465 Cf.
1225 3406 1306 3464 saidas

180 3503 205 3538 v.
222 3481 386 3550 Ζεύξιππος.
422 3479 466 3538 ότι
479 3480 674 3554 Χριστόδωρος
690 3480 823 3547 ἐποποιὸς
839 3484 963 3556 ἔγραψεν
977 3482 1139 3556 ’Έκφρασιν
1157 3483 1308 3559 ἀγαλμάτων

180 3565 230 3618 τοῦ
251 3565 418 3629 Ζευξίαπου.
455 3563 497 3640 De
521 3566 678 3619 statuarum
702 3565 830 3633 sephrasi
852 3584 877 3620 v.
897 3566 1006 3636 Lange,
1025 3567 1095 3622 Mus.
1114 3570 1204 3624 Rhen.
1223 3564 1308 3623 XXXV

179 3664 206 3714 p.
221 3651 274 3716 110
288 3663 345 3714 seq.
398 3650 431 3697 16
450 3647 516 3713 post
529 3643 684 3715 γενομένην
699 3645 762 3701 add.
778 3646 853 3701 Eud.
875 3641 1095 3717 ἐπιγραμμάτων
1111 3650 1205 3720 βιβλία
1215 3646 1251 3719 γ’,
1263 3643 1310 3703 ἔτι·

181 3726 285 3780 στολῶν
300 3722 338 3792 δ’,
358 3741 474 3792 quorum
489 3726 610 3779 alterum
629 3742 661 3779 ex
676 3725 848 3794 Anthologia
863 3726 1007 3781 Planudea
1025 3728 1189 3799 sumpsisse,
1208 3730 1311 3785 alterum

181 3823 242 3860 eam
261 3804 373 3860 omnino
398 3804 509 3858 finxisse
533 3805 665 3859 odoratur
685 3806 771 3859 Ραλαλι
790 3824 816 3875 p.
832 3812 879 3873 903
906 3806 999 3876 pergit
1016 3807 1091 3862 Eud.
1114 3806 1312 3879 impotentis

180 3883 211 3940 ἐν
230 3886 267 3958 τῷ
284 3885 431 3954 Ζευξίππῳ
447 3901 502 3951 seq.
533 3884 587 3938 Sed
602 3884 808 3954 epigrammata
823 3885 1032 3941 Christodorum
1046 3888 1194 3958 scripsisse
1208 3888 1311 3944 constas

180 3965 219 4024 Cf.
238 3966 352 4033 Jacobs,
372 3964 457 4018 Anth.
472 3964 511 4016 XI
529 3983 556 4033 p.
573 3970 631 4020 198.
661 3965 791 4020 Ceierum
805 3966 940 4020 Thebano
960 3966 1107 4037 euphrasia
1127 3968 1179 4023 dat
1196 3964 1311 4023 librarius

180 4047 239 4101 cod.
259 4047 372 4102 Anthol.
393 4046 467 4115 apud
485 4043 596 4099 Jacobs.
616 4043 655 4098 VI
677 4064 704 4114 p.
720 4046 807 4100 LXV:
831 4044 1028 4116 Χριστοδάροο
1051 4049 1173 4117 ποιητοῦ
1198 4048 1312 4120 Θηβαίου

180 4123 316 4194 έκφρασις
334 4127 389 4180 τῶν
408 4121 578 4195 ἀγαλμάτων
592 4125 647 4179 τῶν
667 4124 707 4188 είς
726 4122 757 4179 τὸ
777 4123 913 4195 δημόσιον
932 4123 1089 4197 γυμνάσιον
1107 4129 1160 4183 τοῦ
1177 4124 1311 4184 ἐπικαλου-

179 4206 265 4276 μένου
282 4208 450 4272 Ζενξίππου.
480 4205 520 4259 Of.
536 4204 638 4259 Jacobs
652 4205 715 4259 Xili
731 4224 757 4275 p.
774 4212 823 4260 871
880 4202 984 4268 έπικάς
1004 4224 1037 4260 ex
1050 4211 1127 4260 ABE
1146 4209 1209 4266 add.
1224 4209 1312 4263 Κακία·

179 4304 227 4342 rus
287 4294 319 4342 18
334 4283 504 4357 ἍφαιιαΔΕ
519 4283 726 4356 ’Ἀλφακαοιιίχα
742 4287 817 4341 Eud.
877 4293 911 4341 20
931 4284 962 4341 ἐν
977 4287 1015 4357 τῷ
1029 4290 1176 4361 γυμνασίῳ
1191 4290 1240 4344 τοῦ
1253 4291 1312 4343 Ζειι·

180 4370 282 4433 ξίττιτοο
297 4369 434 4423 Καελεταε
447 4369 502 4422 τῶν
518 4364 549 4421 έν
563 4368 600 4439 τῷ
617 4368 777 4432 Ζευξίππου
792 4367 876 4422 Πανί)
930 4367 980 4422 καλ
993 4362 1064 4422 ἀλλα
1078 4364 1166 4423 πολλά
1181 4366 1313 4427 οωΕιιά.

250 4448 471 4503 DCCCLXXVII
490 4449 565 4503 Εαιλ.
586 4447 603 4502 l.
624 4464 646 4501 ο.
685 4448 725 4502 De
745 4448 849 4501 liiusiri
867 4447 952 4501 titulo
972 4448 1006 4503 ef.
1026 4467 1052 4505 v.
1072 4445 1235 4518 Προκόπιος
