2880 5054
183 294 227 359 20
646 295 860 351 Hesrcffios,

183 460 394 538 Πτολεμαίου
417 459 477 522 τοῦ
500 452 689 541 Εὐεργέτου
712 456 959 541 ἐπικληθέντος,
983 456 1040 522 καὶ
1064 454 1226 544 διάδοχος
1240 454 1319 543 Ἐρα-

182 562 366 640 τοσθένους
397 561 579 648 γενόμενος
605 564 642 629 έν
669 566 709 650 τῇ
737 568 922 652 προστασίᾳ
949 566 1008 648 της
1035 563 1073 630 έν
1098 558 1320 654 Ἀλεξανδρείᾳ

182 667 410 754 βιβλιοθήκης.

270 778 433 843 LXXVII.
458 773 719 855 Ἀπολλῶνιος
740 774 984 862 Ἀλεξανδρεύς,
1004 773 1022 844 ὁ
1041 778 1183 862 κληθείς
1201 776 1320 845 Λάσκο

155 891 256 968 ελος,
287 880 394 968 πατὴρ
418 879 630 968 Ἡρωδιανοῦ
661 888 722 951 τοῦ
755 882 987 971 τεχνογράφον
1013 889 1258 972 γραμματικοῦ.
1292 883 1321 964 ὃς

182 994 304 1075 ἔγραψε
327 987 420 1056 τάδε·
445 990 519 1075 περὶ
543 994 706 1078 μερισμοῦ
729 994 796 1058 τῶν
814 993 876 1057 τοῦ
895 989 1000 1076 λόγου
1018 995 1132 1077 μερῶν
1151 996 1267 1077 βιβλία
1283 990 1321 1076 δ’,

181 1096 256 1180 περὶ
280 1095 467 1223 συρτάξεως
489 1101 558 1164 τῶν
580 1100 642 1163 τοῦ
665 1095 769 1181 λόγον
792 1101 903 1183 μερῶν
926 1095 959 1163 δ’
962 1095 1088 1186 ,περὶ
1089 1096 1276 1184 ῥήματος”
1256 1124 1321 1225 χτοι

183 1201 368 1289 ρηματικόν
392 1205 429 1270 έν
455 1203 646 1290 βιβλίοις’
618 1230 633 1271 ε
648 1205 751 1290 ,περὶ
769 1207 839 1271 τῶν
857 1231 872 1271 ε
874 1208 916 1282 ίς
922 1231 960 1289 μι
978 1203 1194 1300 ληγόντων’
1173 1205 1321 1334 ρημάτωχ

181 1309 391 1398 παραγῶγων
418 1309 613 1396 βιβλίον
579 1338 600 1375 α
616 1307 774 1396 ,περλ’
758 1309 935 1397 ονομάτων
957 1308 1031 1396 ἤτοι
1054 1307 1261 1398 ὀνοματικὸν
1281 1311 1320 1397 α’,

143 1441 168 1479 ω
181 1413 302 1502 περλ’
284 1415 462 1503 ονομάτων
490 1414 572 1484 κατά
602 1362 790 1504 διάλεκτον,
817 1418 893 1505 περὶ
919 1420 979 1503 της
1003 1419 1040 1486 ἐν
1063 1417 1271 1504 θηλνκολς’
1255 1419 1321 1487 ονί·

181 1543 282 1610 μασιν
302 1521 438 1603 εὐθείας
456 1523 502 1609 α’,
522 1524 595 1609 περὶ
615 1523 829 1611 παρωνάμων
844 1523 890 1610 α’,
909 1526 984 1610 περὶ
999 1530 1237 1614 συγκριτικῶν,
1255 1526 1320 1613 περὶ

182 1632 363 1698 διαλέκτων
387 1633 557 1717 Δωρίδος,
578 1628 695 1714 Ἰάδος,
719 1635 889 1715 Αἰολίδος,
910 1628 1075 1717 Ἀτθίδος,
1097 1633 1175 1721 περὶ
1199 1632 1316 1720 σχημά-

180 1764 248 1805 των
272 1735 475 1825 Ὁμηρικῶν,
504 1737 578 1824 περλ
605 1738 871 1823 κατεψευσμένης
900 1740 1062 1825 ἱστορίας,
1091 1740 1168 1828 περὶ
1196 1744 1320 1824 παθῶν,

181 1846 255 1934 περί
278 1845 389 1914 τόνων
410 1841 734 1931 κατηναγκασμένων
757 1849 871 1931 βιβλία
889 1845 935 1930 β’,
958 1845 1033 1933 περὶ
1051 1844 1165 1914 τόνων
1183 1851 1320 1916 σκολιῶν

143 1974 168 2014 15
181 1957 314 2039 βιβλίον
339 1952 385 2039 α’,
410 1950 485 2037 περὶ
509 1955 707 2042 προσφδιῶν
732 1950 873 2038 ε’,περλ
897 1957 1082 2038 στοιχείων,
1105 1953 1182 2039 περὶ
1203 1954 1320 2040 προθέ-

182 2078 283 2145 σεων,
316 2062 391 2145 περὶ
420 2064 487 2127 τῶν
519 2057 678 2144 Διδύμου
707 2063 880 2144 πιθανῶν,
909 2061 985 2145 περὶ
1016 2064 1226 2146 συνθέσεως,
1254 2060 1321 2148 περὶ

182 2168 458 2255 διφορουμένων,
487 2166 562 2252 περὶ
591 2168 651 2233 τοῦ
674 2170 738 2251 τίς,
767 2165 842 2253 περὶ
865 2169 989 2253 γενῶν,
1016 2167 1093 2254 περὶ
1115 2167 1322 2255 πνευμάτων,

181 2272 256 2360 περὶ
279 2275 456 2358 κτητικῶν,
480 2272 555 2359 περὶ
579 2276 743 2356 συζυγίας.

270 2380 447 2447 LXXVIII.
464 2376 723 2457 Ἀπολλῶνιος
734 2376 956 2465 Ἀρχεβούλου
970 2375 990 2466 ἢ
1003 2377 1181 2467 Ἀρχιβίου.
1205 2386 1322 2469 ἔγραψε

142 2509 167 2549 εο
181 2488 256 2571 περὶ
279 2489 399 2569 λέξεων
418 2484 605 2574 Ὁμηρικῶν
628 2485 710 2553 κατά
734 2499 909 2571 στοιχεῖον.

270 2597 416 2661 LXXIX
448 2592 709 2671 Ἀπολλωνιος
725 2591 993 2681 Ἀφροδισιεύς’
975 2593 1147 2683 αρχιερεὺς
1165 2596 1222 2663 καί
1242 2600 1321 2664 ίστο-

182 2700 282 2789 ρικός.
328 2703 474 2788 γέγραφε
501 2700 649 2787 Καρικά,
676 2700 751 2787 περὶ
782 2698 974 2787 Τράλλεων,
1001 2702 1076 2789 περὶ
1098 2699 1247 2791 Ὀρφέως
1272 2702 1322 2770 καλ

181 2813 248 2876 τῶν
272 2802 432 2876 τελετῶν
435 2805 549 2875 αὐτοῦ.

270 2917 396 2982 LXXX.
430 2913 695 2992 Ἀπολλῶνιος
723 2911 869 2994 Τυανεὺς
891 2914 1095 3004 φιλόσοφος,
1119 2915 1194 2997 υίὸς
1213 2914 1322 2985 Ἀκολ-

254 3077 408 3144 1Πτολεμ.
428 3079 451 3126 Δ
521 3074 613 3129 Verbo
631 3074 772 3128 Eudociae
797 3076 928 3145 corrupta
951 3074 1083 3148 διάδοχος
1104 3073 1322 3149 Ἐρατοσθένους

181 3153 230 3208 καλ
249 3148 434 3224 Εὐφορίωνος
453 3155 501 3208 καλ
523 3152 666 3225 Τιμάρχου
685 3155 797 3209 sanavit
816 3157 953 3224 Μτικιίιι,
971 3157 1052 3214 Anci.
1066 3176 1094 3228 p.
1113 3165 1146 3213 10

252 3234 380 3290 LXXVII
403 3236 478 3291 Eud.
498 3255 525 3305 p.
547 3242 605 3290 107.
644 3234 684 3290 Of
703 3236 798 3304 Daub,
823 3236 901 3291 stud.
923 3256 950 3308 p.
971 3245 1004 3293 77
1095 3238 1321 3311 δγραμμτιτιιιοὸ

180 3315 279 3371 tollere
302 3316 418 3371 volebat
441 3316 566 3386 Οιιμανιιε
591 3313 785 3386 τεχνογράφον
809 3316 858 3371 καλ
882 3320 1033 3388 δαιμονίου
1058 3319 1107 3388 τῆς
1132 3319 1322 3390 γραμματικῆς

181 3396 256 3451 Eud.
276 3394 481 3471 τεχνογράφον,
500 3394 691 3467 γραμματικός
706 3396 776 3451 coni.
792 3396 877 3451 Daub
932 3405 947 3452 6
966 3391 983 3466 ἦ
1004 3401 1068 3453 onte
1087 3398 1144 3453 τῶν
1163 3400 1227 3454 add.
1242 3398 1321 3453 Dauo

182 3482 196 3530 7
217 3473 376 3542 συντάξεων
395 3484 418 3531 Δ
490 3473 621 3549 βημάτων
639 3478 725 3531 Βαιιδ
798 3474 996 3547 Βδηματικῶν
1015 3480 1082 3534 vett.
1101 3479 1165 3533 edd.
1184 3479 1261 3535 Eue

182 3561 215 3609 10
235 3553 383 3626 ὀνομάτων
403 3576 471 3614 corr.
490 3559 628 3613 Καείινκε
651 3552 783 3628 βημάτων
806 3556 873 3610 libri
890 3557 966 3613 Εκιί.
1055 3557 1160 3613 11·καλ
1178 3562 1246 3614 anie
1263 3556 1322 3627 περὶ

181 3637 253 3691 διαλ.
273 3638 336 3692 cdd.
357 3643 465 3691 Am
549 3645 581 3693 16
601 3637 664 3707 περὶ
684 3638 739 3690 τῶν
760 3633 888 3707 Διδάμου
910 3670 942 3677 -
962 3636 1124 3701 συνθέσεως
1143 3656 1199 3694 om.
1214 3640 1290 3695 Ειιιλ.

183 3720 214 3769 17
235 3717 470 3788 διαφορουμένων
489 3722 568 3770 m
586 3718 657 3786 υιιίγ.
678 3716 839 3771 emendavit
854 3717 957 3774 Portos

252 3796 418 3851 LXXXVIII
442 3804 475 3852 19
491 3793 626 3868 Ἀρχιβίου
644 3798 753 3852 Sosicles.
764 3819 784 3852 s.
797 3792 907 3867 Ἀπίων,
924 3794 1056 3870 Ἀρχίβιος
1069 3801 1215 3856 revocavit
1230 3801 1320 3857 VoIlos'·

181 3891 238 3929 εοκ.
258 3876 367 3945 Proleg
387 3878 479 3947 Apoll.
499 3896 524 3947 p.
541 3879 566 3931 ΙΙ
581 3895 637 3946 seq.
663 3872 802 3951 Ἀρχεβίου
821 3881 892 3948 culp.

253 3955 366 4009 LXXIX
385 3957 460 4014 Εκιλ.
481 3977 507 4027 p.
528 3964 570 4012 85.
609 3957 648 4012 cf.
668 3958 770 4013 Miiller
788 3957 870 4028 IVp
890 3965 943 4013 310
1024 3966 1056 4014 21
1077 3959 1320 4037 Aphrodisiepscm

182 4039 211 4090 ct
231 4053 368 4091 summum
388 4037 562 4092 sacerdotem
577 4037 700 4108 Aegypti
714 4038 842 4093 confusos
862 4057 921 4094 esse
937 4057 970 4094 ex
985 4040 1082 4113 Sieph.
1095 4042 1160 4110 Byr.
1178 4061 1204 4096 v.
1219 4041 1322 4111 Λητοῦς

180 4112 260 4179 πόλις
279 4116 416 4172 conclusit
431 4118 590 4173 Gotschmid
604 4119 665 4188 (qui
678 4119 820 4188 improbat
833 4118 967 4173 Meinekii
981 4116 1181 4188 scripturem'
1162 4120 1322 4214 αναχράφει

180 4214 230 4266 pro
245 4194 462 4268 ἄναγράφεται).
485 4199 562 4252 Idem
577 4200 751 4254 sacerdotem
765 4198 906 4267 Letopolit
908 4218 992 4253 anum
1007 4201 1042 4255 de
1057 4200 1169 4271 Orpheo
1184 4202 1322 4271 scripsisse

180 4282 257 4335 ratus
277 4284 328 4336 cst
365 4280 406 4335 Of.
426 4281 485 4335 eius
504 4282 554 4334 not
556 4298 600 4334 em
620 4281 656 4334 ad
676 4282 794 4350 Sherpe,
812 4279 880 4349 Aeg.
902 4280 1070 4335 Geschichte
1088 4281 1159 4351 Hp.
1181 4288 1232 4337 164
1295 4322 1299 4327 -

181 4366 214 4412 22
233 4358 306 4415 κατά
325 4362 381 4415 τῶν
399 4361 537 4416 τελευτῶν
556 4360 630 4415 Εκιί.
651 4378 720 4415 corr.
736 4362 837 4415 Ηανίτε

252 4441 353 4494 LXXX
376 4443 451 4497 Eud.
475 4461 502 4511 p.
522 4448 565 4510 97,
590 4459 659 4510 quac
684 4460 738 4496 om
762 4438 880 4504 υίὸς-
904 4438 1010 4511 η’κμαζε
1036 4441 1088 4513 μέν
1112 4445 1140 4497 et
1165 4384 1213 4512 ἐφ’
1233 4435 1268 4499 οὗ
1291 4474 1322 4484 -
