2910 5056
187 317 229 383 60
647 316 860 374 HESYCHIUS.

276 481 427 548 CCXXX.
465 487 679 566 Δομνϊνος,
703 477 889 566 φιλόσοφος
913 476 1037 564 Σύρος,
1061 471 1126 544 άπό
1149 503 1186 545 τε
1206 480 1333 544 Λαοδι-

186 593 276 667 κειάς
298 589 353 655 καὶ
378 593 563 674 Λαρίσσης,
587 586 714 667 πόλεως
737 591 876 674 Συρίας,
901 583 1053 672 μαθητὴς
1075 588 1257 670 Συριανοῦ
1280 585 1334 651 καὶ
1363 681 1365 685 ,

186 694 345 781 Πρόκλου
378 693 618 780 σνμφοιτητής,
651 691 695 773 ὥς
728 712 810 779 φησι
840 691 1043 779 Δαμάσκιος.
1094 696 1220 780 ἔγραψε
1253 689 1334 759 κατὰ

185 805 253 870 τῶν
275 804 336 869 τοῦ
359 800 543 879 Πλάτωνος
566 799 792 887 δοξασμάτων.

159 925 172 966 ⁵
276 910 446 978 CCXXXI.
485 912 634 994 Δοῦρις
662 907 835 997 ἱστορικός.
882 912 1026 996 ἔγραψεν
1050 908 1203 995 ἱστορίαν
1229 913 1333 994 Διβυ-

185 1015 248 1103 κὴν
271 1018 326 1084 καὶ
351 1017 530 1104 Περσικήν.

276 1126 464 1211 CCXXXII.
503 1124 671 1212 Δράκων
696 1122 875 1210 Ἀθηναῖος
907 1124 1101 1210 νομοθέτης.
1153 1113 1256 1201 οὗτος
1289 1127 1335 1201 είς

187 1239 332 1317 Αἴγιναν
361 1233 412 1299 ἐπὶ
440 1237 646 1320 νομοθεσίας
674 1230 927 1319 εὐφημούμενος
954 1227 1019 1298 ὑπὸ
1044 1233 1112 1297 τῶν
1137 1233 1334 1316 Αἰγινητῶν

126 1401 131 1414 ,
186 1339 223 1405 ἐν
242 1343 286 1429 τῷ
306 1342 448 1431 θεάτρῳ,
464 1341 719 1428 ’ἐπιρριψάντων
739 1338 827 1430 αὐτῷ
848 1341 899 1407 ἐπὶ
918 1338 980 1424 τὴν
999 1335 1149 1424 κεφαλὴν
1168 1336 1336 1416 πετάσους

147 1464 173 1502 1⁰
186 1451 341 1526 πλειόνας
373 1449 427 1514 καλ
461 1453 602 1534 χιτῶνας
631 1449 685 1514 καὶ
717 1446 843 1533 ἱμάτια,
875 1444 1057 1530 ἀπεπνίγη,
1089 1444 1143 1511 καὶ
1175 1446 1212 1511 ἐν
1243 1441 1335 1536 αὐτῷ

186 1551 290 1638 ἐτάφη
314 1557 358 1643 τῷ
382 1553 524 1645 θεάτρῳ.
566 1556 682 1640 μέμονε
706 1553 743 1621 δὲ
766 1568 835 1632 τοῖς
858 1552 992 1639 χρόνοις
1014 1549 1095 1618 κατὰ
1119 1548 1200 1630 τοὺς
1222 1550 1253 1632 ζ’
1282 1571 1335 1618 σο-

103 1714 106 1718 .
186 1658 282 1744 (ρούς,
302 1655 322 1745 ἢ
343 1664 471 1747 μᾶλλον
490 1662 544 1728 καὶ
563 1660 799 1748 πρεσβύτερος·
818 1689 857 1749 τη
877 1663 962 1745 γοῦν
982 1657 1040 1726 λθ’
1057 1655 1240 1744 ὀλυμπιάδι
1256 1658 1337 1738 τοὺς

186 1765 312 1853 νόμους
331 1772 426 1835 ἔθετο
446 1766 585 1855 γηραιὸς
607 1764 655 1836 όλν
674 1783 744 1847 τοῖς
761 1767 961 1855 Ἀθηναίοις.
991 1771 1136 1855 ἔγραψεν
1155 1761 1337 1851 ὑποθήκας

187 1876 233 1950 είς
256 1870 327 1960 ἔπη
340 1882 512 1962 τρισχίλια.
1115 1886 1119 1891 ’

146 1997 171 2036 1⁵
275 1981 480 2051 CCXXXIII.
514 1986 681 2069 Δράκων
701 1979 947 2064 Στρατονικεὺς
964 1978 1199 2065 γραμματικός.
1227 2007 1337 2067 τεχνι-

185 2087 242 2170 κά,
271 2086 523 2176 όρθογραφίαν,
553 2091 628 2174 περὶ
656 2094 723 2156 τῶν
747 2085 828 2155 κατὰ
853 2093 1013 2172 συζυγίαν
1038 2083 1231 2173 ὀνομάτων,
1262 2090 1339 2175 περὶ

186 2191 420 2282 άντωνυμιῶν,
439 2198 514 2283 περὶ
533 2199 673 2283 μέτρων,
692 2196 766 2281 περὶ
787 2194 952 2279 σατύρων,
970 2193 1045 2280 περὶ
1064 2196 1132 2259 τῶν
1150 2194 1342 2281 Πινδάρου-

186 2305 307 2387 μελων,
332 2303 405 2388 περὶ
429 2307 494 2370 τῶν
514 2306 680 2388 Σαπφοῦς
697 2305 837 2388 μέτρων,
860 2301 1021 2387 περὶτῶν
1038 2297 1194 2367 Ἀλκαιόν
1214 2306 1340 2387 μελῶν.

276 2408 476 2478 CCXXXIV.
506 2409 674 2496 Δράκων
689 2412 821 2488 νίιδοῦς
837 2405 1074 2496 Ἱπποκράτους
1087 2409 1149 2474 τοῦ
1164 2406 1340 2494 διάσημον

146 2533 172 2572 2⁰
186 2519 314 2602 ἰατροῦ,
330 2515 393 2584 άπὸ
409 2517 591 2602 Θεσσάλου,
608 2515 715 2603 πατὴρ
731 2515 768 2583 δὲ
777 2512 1026 2602 Ἱπποκράτους,
1042 2505 1082 2583 οὖ
1096 2512 1200 2581 πάλιν
1216 2517 1340 2602 γέγονε

186 2622 345 2710 Δράκων,
367 2623 479 2711 ἰατρός
496 2625 551 2692 καὶ
571 2622 682 2708 αὐτός,
703 2619 739 2702 ὃς
748 2620 916 2708 Ῥωξάνην
937 2620 1088 2710 ίάτρενσε
1103 2626 1340 2691 συνοικοῦσαν

182 2725 386 2821 Ἀλεξάνδρῳ
410 2736 455 2823 τῷ
480 2730 666 2800 Μακεδόνι.

257 2871 377 2926 CCXXX
401 2872 517 2928 accessit
540 2891 573 2927 ex
597 2874 672 2928 Eud.
697 2892 723 2941 p.
748 2878 814 2941 239,
840 2874 971 2942 quoniam
996 2874 1108 2928 Suidam
1132 2874 1188 2926 hoo
1213 2873 1280 2928 looo
1306 2892 1341 2930 ex

185 2951 333 3006 Damasoio
355 2971 405 3006 sua
424 2953 601 3022 descripsisse
621 2951 704 3006 docui
723 2953 832 3008 Unters.
852 2973 877 3023 p.
899 2960 940 3008 60.
978 2954 1018 3007 Cf.
1037 2972 1063 3009 v.
1086 2952 1191 3013 Γὲσιος.

257 3031 389 3086 CCXXXI
405 3033 523 3088 accessit
542 3050 575 3087 ex
589 3034 663 3087 Ειιιλ.
680 3052 705 3102 p.
722 3039 782 3101 223,
797 3033 851 3087 nisi
866 3035 939 3100 quod
954 3035 1005 3087 illa
1018 3033 1245 3102 antipatriam,
1262 3035 1341 3103 quod

185 3128 253 3165 corr.
275 3113 437 3178 Ηνλλιυιιιη,
457 3115 522 3168 Dur.
542 3115 574 3167 fr.
590 3133 616 3182 p.
632 3120 656 3181 3,
682 3114 817 3170 Westerm.
839 3115 902 3168 coll.
922 3114 998 3169 Suid.
1017 3133 1043 3168 v.
1063 3109 1193 3182 Λυηκιδς
1215 3112 1339 3184 Σάμιος.

184 3193 302 3246 Falsarii
319 3193 408 3249 vitam
427 3211 487 3248 esse
501 3196 584 3264 putat
598 3194 684 3247 Ριιλολι
702 3213 728 3262 p.
741 3201 774 3248 80
785 3196 841 3248 not.
871 3194 968 3248 Priora
984 3195 1071 3248 verba
1089 3210 1177 3262 usque
1197 3195 1236 3248 ad
1252 3199 1340 3268 Λιβυ-

184 3269 237 3340 κὴν
255 3272 368 3327 fluxisse
391 3291 425 3327 ex
443 3274 536 3344 glossa
554 3270 662 3342 Λάμια,
686 3272 735 3326 ubi
755 3274 858 3339 Δοῦρις
882 3270 913 3327 ἐν
934 3271 960 3346 β’
981 3275 1113 3345 Λιβυκῶν
1131 3274 1270 3330 laudatur
1289 3277 1339 3345 (cf.

186 3353 278 3408 Schol.
293 3355 339 3410 Ar.
356 3355 437 3422 Vesp.
459 3360 534 3422 1035,
555 3353 635 3408 Phot.
655 3372 680 3408 v.
697 3347 804 3421 Λάμια,
825 3354 938 3407 Taetzes
957 3354 992 3407 ad
1007 3353 1071 3422 Lyo.
1087 3359 1149 3418 847,
1168 3355 1260 3409 schol.
1280 3359 1338 3412 vet.

95 3439 97 3442 ⁴
184 3432 214 3484 in
232 3434 298 3500 hya.
317 3439 369 3488 848
389 3433 432 3490 ed,
451 3434 564 3501 Xinkel)
583 3433 721 3500 verbaque
745 3432 794 3486 καὶ
814 3428 957 3500 Περσικὴν
974 3432 1101 3487 infirmae
1119 3434 1185 3487 fidei
1212 3452 1275 3490 esse
1296 3439 1340 3490 at

185 3529 238 3580 que
257 3513 374 3567 fortasse
398 3533 431 3568 ex
451 3515 546 3568 Dionis
569 3514 628 3568 vita
651 3512 824 3581 immigrasse
848 3530 904 3567 non
924 3514 1055 3582 probavit
1074 3515 1166 3568 Πανί).
1207 3515 1341 3569 Titulum

185 3587 295 3660 Λιβνκά
310 3597 417 3660 partem
433 3594 568 3647 historiae
579 3594 742 3662 Agathoclis
752 3590 913 3661 ‚significare
929 3594 1003 3661 (coll.
1015 3593 1101 3646 schol.
1112 3593 1199 3647 Arist.
1211 3619 1248 3639 =
1258 3596 1292 3649 fr.
1305 3603 1341 3650 35

184 3669 309 3736 Miiller)‚
334 3669 458 3739 Περσικά
482 3674 591 3741 partem
610 3673 794 3726 Macedonum
812 3672 959 3737 historiae,
984 3690 1040 3741 qua
1063 3673 1169 3726 bellum
1189 3673 1341 3730 Persicum

184 3754 328 3804 narratum
352 3751 448 3820 fuerit,
472 3753 611 3821 sagaciter
634 3753 775 3822 perspexit
794 3754 961 3807 Gatsrhmid.
999 3752 1128 3807 Ceterum
1153 3753 1260 3810 Soidas
1285 3758 1342 3812 hoc

184 3834 246 3886 Ioco
265 3832 378 3886 exhibet
396 3831 516 3901 glossam
538 3833 654 3899 Δοῦρις,
679 3828 768 3900 ὄνομα
788 3834 918 3900 ποιητοῦ,
943 3851 1014 3902 quae
1035 3835 1145 3902 spectat
1163 3835 1198 3887 ad
1221 3838 1342 3904 poetam

184 3911 311 3966 Elaitem
326 3912 371 3978 (of.
393 3912 488 3982 Steph.
507 3912 572 3982 Byr.
591 3932 617 3969 v.
632 3909 765 3981 Ἔφεσος,
786 3913 869 3966 Anah.
890 3913 948 3967 Pal.
968 3914 1020 3980 IX,
1039 3917 1102 3984 424)

256 3993 404 4047 CCXXXII
424 4011 476 4047 om.
493 3994 629 4048 Westerm.
664 3995 703 4048 Cf.
724 3993 817 4059 Daub,
838 3991 915 4046 stud.
930 4012 957 4062 p.
974 4000 1025 4048 106
1117 4000 1131 4046 λ
1156 3989 1285 4061 Δράκων
1305 4029 1341 4038 -

184 4069 326 4141 ἀπεπνίγη
345 4074 491 4143 descripsit
512 4075 757 4144 Ρειιιιλο-Ηιεηιλι.
778 4090 799 4127 c.
820 4080 854 4126 22
922 4080 938 4128 8
958 4069 1014 4127 ὑπὸ
1033 4095 1055 4128 τ.
1076 4072 1134 4143 Αίη.
1154 4081 1343 4133 accesserunt

184 4173 218 4209 ex
237 4161 259 4207 Δ
279 4156 343 4208 Hes.
364 4171 417 4209 om.
437 4155 486 4208 rel.
555 4152 693 4223 9σκενήν
711 4161 734 4207 V
809 4160 838 4206 11
861 4152 894 4207 of.
915 4172 939 4206 v.
962 4157 1099 4219 Τυρταῖος

256 4234 417 4288 CCXXXIII
432 4235 507 4288 Ειιιλ.
521 4253 547 4302 p.
559 4239 609 4286 231
650 4239 682 4286 15
697 4234 822 4303 γέγραφε
833 4252 887 4301 τεχ.
899 4233 974 4287 Ειιιλ.
1016 4238 1047 4286 18
1058 4236 1131 4286 Σαπ.
1144 4233 1240 4301 μελῶν
1249 4237 1340 4292 Dauo

256 4311 415 4368 CCXXXIV
434 4313 509 4366 Ειιιλ.
530 4330 555 4380 p.
576 4318 629 4365 224
702 4319 734 4366 19
753 4310 960 4383 διασημοτάτον
980 4313 1055 4367 Eud.
1128 4319 1163 4366 20
1182 4308 1243 4368 άπὸ
1266 4319 1340 4371 Θεσ-

185 4389 271 4447 σάλον
291 4425 324 4432 -
344 4388 465 4460 Δράκων
484 4410 538 4446 om.
558 4391 634 4446 Eud.
698 4390 804 4459 πατρὸς
822 4399 845 4445 V
912 4399 945 4446 22
966 4393 1002 4465 τῷ
1024 4389 1202 4446 Μακεδόνων
1223 4397 1344 4466 βασιλεῖ

185 4474 260 4528 Εκιλ.
299 4473 339 4527 Cf.
360 4473 459 4530 suidas
479 4491 503 4527 v.
519 4466 704 4542 Ἱπποκράτης
722 4472 852 4543 τέταρτος
