2880 5054
380 1120 614 1193 ADDENDA
643 1121 706 1192 ΕΤ
735 1121 1054 1198 CORRIGENDA.

214 1419 325 1474 Priores
343 1418 474 1489 plagulas
494 1434 538 1471 mo
557 1419 672 1472 absente
690 1418 775 1487 paulo
794 1419 990 1489 neglegentius
1004 1426 1146 1478 comecias
1165 1442 1226 1482 esse
1244 1428 1289 1482 do-

145 1499 205 1554 lens
224 1499 384 1569 praemitto.

214 1598 240 1649 p.
261 1586 276 1633 2
302 1574 450 1648 Ἀγάθων
473 1578 491 1634 l.
517 1585 549 1633 12
576 1582 743 1635 Παυσανίου
770 1578 840 1652 <aul
867 1584 1025 1651 Ευριπίδου
1053 1585 1128 1656 τοῦ)
1157 1588 1289 1657 τραγικοῦ

146 1659 216 1714 coni.
237 1659 348 1715 Orarrrer
367 1661 384 1715 l.
405 1677 427 1713 c.

214 1758 240 1809 p.
260 1735 413 1805 9Ἀλεξις
432 1739 449 1794 l.
471 1744 503 1793 17
522 1740 576 1807 leg.
597 1737 742 1808 πάτρας.

214 1838 241 1889 p.
263 1827 295 1874 10
318 1815 516 1889 Ἀλκιδάμας
539 1817 557 1874 l.
579 1825 611 1874 19
631 1837 694 1874 cum
713 1820 781 1874 satis
801 1819 902 1875 nrirnm
926 1822 974 1890 sit,
999 1840 1069 1892 opus
1092 1827 1187 1880 notari
1205 1827 1290 1896 patris

146 1898 348 1955 Alcidamantis
366 1900 474 1954 nullum
498 1899 597 1968 ipsius,
622 1901 650 1953 in
672 1900 750 1954 fonte
770 1901 872 1955 Suidae
896 1903 1023 1957 extitisse
1048 1898 1063 1957 ὁ
1084 1909 1233 1962 Μουσείου
1248 1928 1289 1977 γε·

143 1978 257 2050 γραφαές
280 1979 438 2050 suspicatur
457 1981 631 2049 Gutrolouid,
655 1980 813 2049 comparari
835 1981 935 2036 iubens
953 1982 1148 2039 Nietzsehium
1172 1985 1202 2040 in
1222 1986 1289 2044 Mus.

144 2062 232 2115 lihon.
251 2060 329 2114 XXV
348 2079 376 2129 p.
391 2066 442 2115 538
458 2078 514 2129 seq.

213 2136 407 2210 Ἀλκιμένης
426 2158 490 2211 app.
510 2140 581 2194 adde
600 2141 697 2195 rerba:
722 2140 778 2208 qui
802 2141 931 2197 comico
956 2175 987 2183 -
1011 2145 1175 2202 laudatas
1199 2148 1229 2202 in
1252 2166 1291 2204 sc-

148 2222 278 2289 quentem
298 2219 453 2289 plagellam
473 2219 597 2289 delapsa.

215 2320 241 2370 p.
264 2307 293 2354 11
313 2295 450 2369 Ἀλκμοὶν
469 2301 485 2354 l.
506 2308 522 2355 6
541 2302 592 2356 rori
612 2300 782 2357 Σαδυάττου
802 2302 873 2357 coni.
894 2304 1063 2360 Gatecbmid.

213 2377 361 2450 Ἀμέλιος
380 2396 444 2449 app.
464 2379 564 2449 corrig.
586 2386 622 2434 13
643 2398 693 2450 pro
715 2388 755 2435 14.

213 2481 240 2531 p.
263 2467 295 2515 12
317 2455 501 2530 Ἀνακρέων
525 2461 544 2515 l.
564 2468 579 2515 9
603 2460 714 2516 Kusteri
741 2463 965 2518 emendationem
991 2463 1094 2533 probat
1119 2467 1290 2538 draconeto,

143 2543 190 2610 qui
209 2542 243 2595 dc
259 2539 359 2595 Dielsii
374 2540 488 2595 inuento
508 2536 601 2610 ἀκμῆς
620 2558 692 2596 anno
712 2541 927 2611 quadragesimo
946 2542 1075 2614 illigatae
1094 2547 1222 2602 nondum
1241 2551 1292 2605 sibi

144 2623 212 2678 satis
232 2624 360 2676 constare
378 2621 490 2675 fatetur.
529 2620 658 2675 Ceterum
677 2621 780 2676 rectius
800 2621 928 2675 secludas
947 2622 995 2675 καὶ
1015 2620 1229 2694 συνέγραψε-
1248 2630 1292 2686 fin,

213 2721 241 2772 p.
262 2709 294 2756 13
316 2697 581 2772 Ἀναξανδρίδης
604 2701 622 2755 l.
644 2707 657 2754 1
678 2699 746 2771 otoe‘
770 2701 943 2756 Gatcchmid:
966 2702 1096 2774 intellegi
1119 2706 1197 2761 enim
1223 2707 1290 2762 cele-

142 2783 277 2838 berrimos
291 2797 396 2852 agonas
410 2780 550 2850 Aegenses
569 2780 660 2849 (Diod.
677 2781 754 2848 XVI,
769 2783 829 2850 92),
850 2798 967 2849 quorum
982 2784 1130 2841 occasione
1144 2784 1293 2856 Philippus

143 2863 249 2919 occisus
269 2865 324 2929 est,
345 2862 373 2915 et
391 2861 548 2916 confirmari
566 2862 621 2916 hoc
640 2862 803 2930 corruptela
821 2859 879 2931 ριδ’
899 2882 924 2919 v.
942 2857 1150 2934 Ἀριστοφάνης.

215 2960 279 3011 app.
300 2941 367 2996 del:
388 2938 421 2994 δέ
440 2957 493 2996 om.
513 2946 544 2998 Δ.

212 3017 476 3090 Ἀναξίμανδρος
494 3038 557 3091 app.
577 3023 645 3092 leg.:
667 3030 704 3078 16
723 3022 782 3077 καὶ
801 3024 882 3076 ante
900 3023 987 3091 περὶ.

215 3121 242 3172 p.
260 3107 291 3156 14
308 3095 503 3169 Ἀνάχαρσις
518 3102 564 3156 1.4
578 3103 633 3172 leg.
648 3106 816 3158 Καδουία.
835 3103 965 3157 Ceterum
980 3103 1065 3158 rerba
1080 3100 1154 3158 κατὰ
1169 3105 1203 3162 δέ
1218 3128 1294 3172 τινας

144 3214 175 3222 -
196 3184 241 3240 fin.
262 3197 362 3237 cuma
385 3180 488 3234 nostris
508 3182 614 3237 Laertii
632 3182 836 3254 exemplaribus
855 3181 960 3251 absint,
984 3182 1098 3239 aliunde
1120 3185 1215 3254 petita
1235 3205 1293 3245 esso

143 3264 281 3319 videntur.
318 3261 336 3317 l.
359 3267 374 3315 6
394 3256 516 3314 διελθὼν
535 3260 600 3331 περὶ
619 3261 689 3316 coni.
705 3263 873 3318 Galeobmid.

213 3361 238 3412 p.
259 3347 293 3396 16
314 3336 569 3410 Ἀνδροκλείδης
593 3343 610 3398 l.
632 3349 645 3396 1
669 3343 724 3413 leg.
748 3343 813 3395 τῶν
836 3360 886 3412 pro
910 3342 974 3413 rori,
1001 3361 1064 3398 cum
1091 3343 1131 3398 sic
1160 3349 1291 3405 emenda-

147 3420 221 3476 verit
241 3421 351 3476 Portus.

211 3497 410 3570 Ἀνδροτίων
430 3501 464 3556 cf.
485 3501 570 3557 etiam
588 3502 685 3570 Biora,
704 3505 763 3559 Att.
784 3503 844 3558 Ber.
864 3502 917 3570 ΙΙΙ,
937 3509 953 3557 2
973 3520 1000 3572 p.
1016 3510 1076 3559 342.

211 3575 403 3650 Ἀντίμαχος
427 3583 499 3638 120
523 3600 587 3638 cum
609 3583 679 3637 nihil
704 3584 797 3638 obstet
820 3582 966 3652 quominus
990 3599 1086 3638 servus
1112 3586 1221 3643 domini
1252 3590 1293 3645 sui

143 3660 255 3715 auditor
278 3660 327 3728 sit,
353 3660 382 3714 in
404 3662 585 3730 sequentibus
605 3663 829 3718 coniunctionem
852 3680 916 3716 cum
933 3662 1090 3732 Panyaside
1114 3667 1289 3739 chronologi·

143 3743 182 3795 eis
206 3741 374 3810 quibusdam
396 3741 553 3796 rationibus
576 3743 668 3797 refelli
687 3744 784 3798 censet
804 3741 978 3812 Gotsebmid,
1002 3741 1099 3812 itaque
1121 3740 1214 3802 αὐτοῦ
1233 3766 1291 3805 eor-

143 3821 257 3891 ruptum
276 3838 336 3875 esse
356 3823 384 3874 et
402 3821 491 3876 latere
510 3839 612 3876 nomen
630 3824 786 3891 proprium,
806 3822 923 3877 fortasse
941 3818 1061 3878 Ἀυίτου.

213 3920 241 3972 p.
263 3907 294 3955 16
311 3895 531 3969 Ἀντισθένης
549 3918 612 3972 app.
632 3902 650 3956 l.
671 3904 792 3973 201eg.:
813 3901 992 3972 Διογένης.

213 4002 239 4054 p.
260 3991 293 4038 22
312 3978 447 4049 ’Ἀρατος
466 3983 484 4036 l.
504 3989 537 4036 21
557 3984 678 4037 Uxorem
694 3984 829 4055 Antigoni
847 3983 967 4052 Philam,
986 3982 1005 4039 f.
1021 3984 1139 4055 Seleuci,
1159 3989 1293 4045 confundi

142 4082 205 4118 cum
224 4064 298 4134 regis
317 4064 407 4117 matre
427 4063 521 4130 Phila,
540 4064 560 4118 f.
580 4064 734 4132 Antipatri,
754 4065 849 4117 monet
868 4063 1034 4119 Gretscbmid.

212 4164 240 4214 p.
259 4151 294 4198 24
311 4139 480 4212 Ἀριστέας
498 4144 516 4198 l.
534 4149 566 4197 19
586 4161 649 4197 cum
663 4143 784 4197 Abaride
804 4143 935 4198 confundi
952 4143 1092 4199 Aristeam
1111 4150 1210 4203 censet
1225 4149 1292 4205 Grst

141 4226 258 4290 schmitt,
277 4242 341 4279 cum
360 4223 441 4277 testis
460 4222 697 4291 locupletissimus
717 4224 819 4278 Herod.
838 4222 885 4291 IV,
907 4229 939 4277 15
959 4240 1022 4277 eum
1042 4223 1118 4277 cirea
1136 4242 1162 4280 a.
1180 4233 1233 4283 696
1253 4226 1292 4283 vi-

142 4305 213 4357 xisse
234 4304 328 4359 tradat
347 4306 457 4357 etcum
477 4306 672 4372 argumentum
693 4303 823 4358 carminis
848 4302 999 4358 abeodem
1020 4303 1208 4376 descriptum,
1231 4310 1292 4363 tum

142 4382 237 4437 fabula
257 4383 292 4437 de
311 4380 431 4437 Homero
452 4382 510 4436 eius
530 4381 668 4454 discipulo
687 4384 717 4438 id
735 4384 827 4455 ipsum
847 4384 1016 4438 confirment.
