2910 5056
147 272 262 328 XXVIII
584 269 864 325 l‘uunuconnnn.

147 431 334 520 Σώφιλος
348 472 390 482 -
407 437 521 518 Δημιά
537 458 565 519 p.
582 438 703 518 Δηλία,
723 430 965 510 Μουσώνιος
983 470 1018 480 -
1037 434 1248 497 Βοοασινίου
1267 455 1297 516 p.

147 545 365 623 Βοαλσινιόυ,
385 536 551 625 Ὅμηρος
577 579 614 587 -
638 536 827 624 Ἰαμονίδης
852 564 881 624 p.
898 534 1086 624 Ἰδμονίδης
1105 544 1138 604 et
1161 543 1295 622 Μνησι-

147 647 266 732 γένους
301 674 331 734 p.
364 647 617 732 Μελησιγένους
626 646 667 734 ¹),
704 642 900 730 Εὐσέβιος
933 641 1113 735 Οόατιιανῷ
1146 670 1177 730 p.
1208 640 1294 711 Οὐλ-

146 757 270 844 πιανῷ,
300 757 501 838 Σωσίβιος
525 754 676 819 παλαιάν
704 754 779 819 fort.
801 775 861 838 pro
884 754 1028 817 παιδιῶν
1052 754 1091 818 al.
1116 751 1170 837 (ef.
1194 753 1294 818 etiam

147 863 275 929 Unters.
294 886 324 947 p.
340 863 379 927 71
393 859 481 948 seq).

235 977 292 1044 Sin
320 978 466 1044 codicum
490 978 702 1043 Suidanorum
732 982 764 1042 et
790 981 868 1043 vett.
892 977 961 1042 edd.
984 976 1140 1042 lectiones
1165 999 1294 1061 pereur-

147 1090 256 1172 rimus,
274 1086 432 1152 nonnulla
451 1087 584 1151 omnino
604 1085 722 1150 rectius
741 1085 806 1170 legi
826 1085 860 1149 ln
880 1083 1018 1148 ΑΒΕΜ
1034 1083 1179 1149 ridemus
1195 1081 1245 1167 (in
1260 1083 1294 1147 M

147 1202 216 1261 tum
231 1217 310 1261 corr.
326 1191 588 1278 Chaloondylas),
611 1215 684 1257 oum
700 1192 764 1257 alia
779 1192 894 1257 menda
909 1192 1091 1256 eommunia
1110 1191 1177 1256 sint
1192 1189 1294 1255 ΒΕΜ

149 1305 234 1387 vulg.
261 1301 333 1366 Ald.
352 1300 443 1383 Eud,
466 1300 636 1384 permultis
662 1303 769 1363 autem
789 1299 869 1365 loeis
888 1298 1022 1363 ABVE
1043 1298 1220 1383 genuinam
1240 1321 1291 1363 ex·

145 1409 280 1473 lribeant
298 1407 484 1488 lectionem,
505 1406 621 1490 reliqui
640 1407 808 1490 vitiosam,
835 1407 923 1471 velut
944 1406 994 1471 illi
1017 1406 1207 1491 plerumque
1226 1407 1294 1471 τῶν

146 1513 261 1600 δήμων
281 1513 386 1602 (sieri
405 1536 434 1579 v.
451 1508 631 1595 Ἀντιφῶνς
651 1513 766 1597 corrig.
781 1510 959 1577 Bernhard.
978 1511 1065 1597 app.)
1084 1514 1139 1577 rel.
1158 1508 1219 1578 τὸν
1239 1514 1295 1597 δῆ-

145 1649 226 1708 μον;
245 1623 373 1708 saepius
396 1620 539 1685 etiamE
560 1620 649 1685 solus
668 1624 752 1685 reete
767 1621 856 1704 legit,
875 1619 965 1684 cuius
981 1619 1151 1685 librarium
1167 1625 1296 1686 textum

145 1731 320 1797 correxisse
340 1725 496 1813 censeo.²)
526 1728 565 1792 In
584 1727 753 1811 permultis
773 1730 880 1791 autem
899 1727 979 1792 locis
1000 1727 1064 1791 AV
1086 1728 1296 1812 (quibuscum

146 1840 211 1904 fere
235 1837 396 1903 consentit
419 1836 596 1900 Vaticanus
625 1858 645 1899 a
667 1835 831 1899 Pearsono
860 1834 1026 1920 exeussus)
1056 1835 1142 1900 solos
1171 1840 1297 1901 rectam

146 1947 315 2011 lectionem
336 1945 455 2010 habere
475 1944 638 2028 perspexit
656 1939 859 2026 Kusterus3),
882 1941 965 2005 unde
989 1943 1129 2025 plurima
1152 1944 1299 2008 remedia

146 2053 248 2118 textui
268 2049 385 2117 Suidae
405 2051 597 2135 corruptelis
617 2051 785 2133 inquinato
805 2050 942 2114 afferret.
979 2051 1135 2114 Attamen
1154 2051 1298 2116 multum

147 2161 250 2244 abest,
264 2164 300 2224 ut
314 2163 484 2243 utrumque
498 2159 617 2222 librum
630 2161 785 2242 tanquam
800 2180 900 2222 unum
913 2162 1008 2242 atque
1023 2159 1208 2223 absolutum
1224 2160 1298 2223 fun-

146 2246 335 2330 ¹dementum
358 2270 466 2331 textus
486 2264 620 2330 Suidani
643 2286 712 2329 esse
737 2262 975 2349 arbitremur4),
998 2288 1070 2330 oum
1095 2287 1199 2348 aequo
1225 2288 1296 2331 sae-

147 2411 359 2419 ———-———

218 2498 245 2566 1)
257 2491 475 2564 Μελησαγόρας
497 2511 548 2564 pro
568 2489 760 2563 Μνησαγόρας
779 2494 899 2549 occurrit
917 2494 1048 2564 Apollod.
1066 2494 1118 2562 III,
1140 2500 1186 2561 10,
1206 2500 1237 2564 3;
1264 2497 1300 2554 of.

149 2576 260 2646 Heyne,
279 2576 351 2631 obss.
372 2575 407 2628 ad
426 2574 477 2645 Ap.
497 2593 524 2644 p.
544 2580 605 2642 358,
625 2574 704 2629 Voss.
724 2573 789 2628 hist.
809 2573 854 2630 Gr.
874 2592 901 2644 p.
916 2580 950 2628 22
965 2573 1052 2630 West.

218 2656 245 2724 2)
264 2655 364 2723 Velut,
383 2656 414 2708 ut
433 2655 522 2711 oratio
537 2653 648 2723 plenior
664 2654 726 2722 fiat,
745 2655 818 2709 solus
833 2654 957 2722 pluriens
973 2654 1077 2709 addens
1092 2654 1138 2710 δὲε
1158 2656 1193 2711 et.
1209 2661 1236 2710 K
1241 2679 1300 2727 αρ-

147 2741 242 2798 κῖνος
261 2736 305 2802 al.,
324 2736 370 2790 vel
389 2735 504 2789 titulum
525 2735 666 2804 corrigens
685 2752 710 2789 v.
728 2732 823 2789 Θέων
836 2729 881 2789 'At
900 2735 945 2802 (of.
960 2734 1054 2800 Daub‚
1071 2733 1149 2790 Stud.
1164 2753 1192 2804 p.
1210 2741 1266 2803 54).

218 2819 244 2882 3)
268 2815 308 2869 Cf.
333 2833 357 2868 v.
378 2810 528 2884 Κλήμης,
552 2814 600 2868 ubi
618 2819 669 2867 Av
687 2809 911 2883 αὐτοκράτορας,
933 2818 1012 2867 BH
1035 2814 1098 2869 Ald.
1118 2814 1188 2869 Eud.
1213 2812 1300 2873 orito-

149 2896 300 2962 κρατορίας
318 2894 354 2947 al.

218 2974 245 3041 4)
269 2973 411 3040 Editores,
435 2974 483 3043 qui
502 2991 595 3044 presse
614 2974 734 3044 vestigia
755 2974 835 3029 codd.
854 2979 905 3027 Av
924 2974 1011 3030 secuti
1030 2978 1108 3043 sunt,
1132 2976 1300 3045 saepissime

148 3052 282 3123 Hesychii
304 3056 413 3109 textum
432 3053 547 3108 ridicule
568 3057 749 3120 vexaverunt,
774 3054 851 3109 velut
875 3052 906 3108 δὲ
931 3057 995 3123 post
1018 3051 1125 3122 ἔγραφε
1146 3073 1211 3111 mox
1231 3076 1298 3112 cum

147 3139 197 3186 Av
216 3132 382 3202 inserentes,
406 3151 469 3190 mox
493 3152 556 3188 cum
579 3135 679 3189 iisdem
699 3136 888 3200 removentes,
912 3150 967 3202 qua
988 3134 1018 3187 in
1041 3151 1070 3189 re
1089 3151 1190 3190 moneo
1213 3154 1300 3192 vocu-

147 3215 203 3269 lam
229 3211 335 3283 ἕγραψε
361 3214 406 3269 vel
429 3212 553 3284 γέγραφε
578 3216 624 3269 vel
641 3210 763 3283 ποιήσας
780 3213 923 3268 nonnullis
946 3213 1030 3284 loeis,
1050 3216 1098 3269 ubi
1123 3215 1300 3273 locutionem

148 3295 246 3362 violet,
271 3294 370 3349 lectori
388 3294 485 3349 deberi
508 3294 553 3362 (cf.
571 3289 716 3363 Ἀντιφῶν,
737 3290 942 3363 Ἀριστόδημος,
964 3288 1116 3362 Ἀρριανός,
1136 3293 1301 3365 Αὔγουστος

147 3381 270 3444 Καῖσαρ,
289 3372 445 3444 Ζηνόδοτος
458 3366 515 3443 lit,
529 3371 666 3443 Στράττις
678 3369 730 3428 Ὀλ.
748 3374 809 3444 [ubi
827 3374 863 3427 ad
878 3373 1001 3443 glossam
1018 3371 1171 3429 stratonici
1186 3375 1300 3444 physici

147 3454 294 3526 pertinet],
312 3455 431 3510 fortasse
451 3474 475 3508 v.
496 3450 668 3523 Εόστέφισς,
685 3449 848 3522 Ἰσίδωρος),
865 3485 896 3492 -
912 3453 1059 3507 verborum
1079 3452 1178 3508 seriem
1200 3454 1300 3524 inepte

148 3537 288 3601 tenentes,
307 3530 385 3590 velut
403 3554 429 3590 v.
448 3532 612 3605 Λιβάνιος
635 3530 770 3604 σοφιστὴς
786 3528 938 3602 Ἀντισχεός
956 3550 1007 3603 pro
1024 3527 1088 3587 Ἀντ.
1109 3552 1172 3602 σοφ.
1193 3535 1242 3603 al,
1270 3555 1296 3590 v.

145 3607 251 3687 Ἰόβας
270 3632 333 3669 curn
351 3621 374 3667 A
392 3617 559 3685 reponentes
582 3611 669 3671 πολλὰ
692 3611 768 3669 πάνυ
794 3614 839 3681 (cf.
859 3632 884 3668 v.
904 3610 1050 3682 Φάλαρις),
1073 3632 1098 3668 v.
1124 3615 1296 3683 Προαιρέ-

148 3712 219 3757 σιος
238 3712 300 3749 eum
314 3700 391 3748 Avn
412 3698 603 3766 expungentes
621 3691 712 3764 παρά,
732 3694 805 3763 quod
820 3693 939 3748 maxime
958 3692 1144 3748 necessarium
1159 3696 1211 3750 est.
1235 3695 1297 3752 Nee

148 3772 239 3829 minus
259 3777 382 3832 errantes
400 3796 426 3832 v.
445 3771 613 3847 Λιβάνιος
631 3794 693 3831 eum
708 3779 785 3827 Avn
804 3773 999 3843 praeferebant
1018 3772 1147 3828 vitiosam
1166 3775 1222 3828 τῶν
1247 3771 1297 3829 trel

147 3851 268 3924 χρόνον,
294 3855 405 3924 aliaque
429 3858 639 3927 expungebant,
662 3854 729 3925 quia
752 3855 854 3910 absunt
872 3859 895 3905 A
918 3854 963 3907 vel
982 3858 1012 3920 v,
1037 3870 1107 3921 quae
1131 3854 1242 3924 saepius
1264 3854 1295 3909 in

147 3936 255 3990 textum
278 3936 420 4004 revocavi,
446 3936 567 4007 exempli
590 3935 683 4005 gratia
706 3936 830 3989 extrema
854 3934 938 3988 verba
960 3934 997 4002 gl.
1021 3929 1208 4007 Πολύβιος,
1233 3938 1295 3990 tum

149 4017 233 4070 verba
253 4012 359 4084 ἔγραφε
377 4016 422 4070 vel
441 4011 555 4084 γράψας
569 4033 619 4070 neo
635 4015 725 4069 minus
745 4013 785 4076 εἷς
805 4017 870 4070 ante
884 4015 940 4068 τῶν
959 4011 1029 4068 δέκα
1049 4009 1175 4083 ῥητόρων
1195 4018 1225 4069 et
1238 4016 1294 4069 τάν

149 4090 174 4160 ζ’
194 4096 290 4164 σοφῶν
309 4112 374 4150 mox
392 4095 534 4165 ponebant
553 4112 618 4148 mox
636 4095 818 4165 omittebant,
837 4110 1005 4164 quamquam
1023 4110 1114 4162 neque
1133 4092 1163 4147 in
1177 4099 1227 4146 Av
1247 4111 1293 4149 ne-

148 4193 201 4243 que
220 4175 248 4229 in
271 4175 320 4230 rel.
340 4176 445 4230 certam
468 4175 527 4229 eius
550 4175 592 4229 rei
609 4175 747 4230 rationem
767 4172 945 4243 conspicuam
964 4190 1022 4228 esse
1046 4174 1169 4240 constat,
1193 4174 1293 4229 deinde

148 4251 182 4309 τά
203 4258 267 4311 anto
286 4253 367 4326 μέχρι
386 4256 431 4310 vel
451 4253 503 4318 ἕως
523 4258 551 4310 et
569 4257 635 4325 post
653 4253 760 4326 ἔγραφε
780 4273 844 4311 mox
863 4272 926 4309 oum
945 4252 1023 4307 libris
1042 4251 1213 4309 omittebant
1230 4271 1293 4308 mox

149 4335 302 4405 addebant,
322 4350 492 4405 quamquam
507 4334 634 4390 omnibus
647 4335 767 4392 fortasse
781 4335 851 4391 locis
865 4334 1051 4390 revocandum
1067 4335 1109 4388 est
1124 4334 1169 4402 (ef.
1185 4329 1292 4402 Κοδρά-

150 4436 195 4479 τος
212 4419 241 4471 ct
255 4417 291 4471 ad
307 4413 501 4485 ι.,Σοόπατρος
512 4410 587 4485 Ἄτα).
616 4417 654 4472 Ut
668 4416 820 4472 minutiora
838 4415 957 4484 deniqne
971 4413 1172 4484 perstringam,
1191 4433 1216 4469 v.
1232 4412 1292 4474 Ξὲ·
