2910 5056
186 307 229 370 28
386 275 389 280 ’
562 340 563 343 ι
647 304 860 360 Ηνενοαιαε.

187 466 299 553 ἐπειδὴ
324 473 447 555 ἔγραψε
465 472 592 534 παιάνα
611 471 658 546 εἰς
671 464 827 553 Ἑρμείαν
846 464 906 534 τὸν
927 463 1101 552 εὐνοῦχον.
1139 467 1174 531 οἰ
1191 464 1233 530 δέ
1249 482 1338 549 φασι

187 573 277 664 νόσῳ
301 569 405 655 αὐτὸν
428 577 620 660 τελευτῆσαι
644 573 813 661 βιώσαντα
836 578 892 658 ἔτη
917 571 958 641 ο’.

243 732 246 737 ·
276 683 343 749 CII.
378 678 667 769 Ἀριστοφάνης
685 679 814 761 Ῥόδιος
835 678 910 767 ἤτοι
935 685 1073 760 Λίνδιος
1096 681 1147 768 (οἰ
1168 677 1206 746 δὲ
1230 682 1279 744 Αἰ
1314 676 1359 764 ’-,

186 812 284 856 πτιον
308 793 455 874 ἔφασαν,
480 790 515 855 οἰ
536 787 573 856 δέ
597 789 775 877 Καμιρέα),
799 791 893 857 θέσει
913 787 951 855 δὲ
971 787 1149 874 Ἀθηναῖος
1171 787 1337 875 (ἐπολιτο-

161 895 349 983 εγραῳήδη
370 895 435 983 γάρ
453 893 531 982 παρ’
549 893 865 994 αῦτοῐς),.κωμικο’ς,
889 893 963 974 υίὸς
984 900 1162 980 Φιλίππου,
1185 890 1338 979 γεγονὼς

187 1005 224 1070 έν
252 1017 322 1083 τοῖς
345 1001 450 1089 άγωσι
474 1000 555 1070 κατὰ
579 1001 640 1090 τὴν
665 1002 733 1090 ριδ’
759 1000 960 1091 ὀλυμπιάδα,
984 999 1119 1091 εὑρετὴς
1140 1005 1203 1069 τοῦ
1221 1026 1336 1086 τετρα-

187 1111 309 1196 μέτρου
339 1110 393 1177 καὶ
425 1107 642 1198 ὀκταμέτρου,
666 1093 798 1191 οπαῖδας
829 1108 918 1198 σχὼν
950 1109 1122 1198 Αραρότα,
1155 1113 1338 1193 Φίλιππον,

190 1216 388 1305 Φιλέταιρον
416 1217 591 1304 κωμικούς.
637 1217 725 1297 τινὲς
756 1218 792 1286 δὲ
822 1216 927 1286 αῦτδν
949 1219 1004 1286 καὶ
1027 1216 1221 1285 άπόδουλον
1246 1218 1335 1283 ἰστο-

188 1322 316 1410 ρήκασι.
364 1323 515 1411 δράματα
539 1325 576 1392 δέ
599 1323 704 1393 αὐτοῦ
727 1329 772 1412 μδ
779 1324 798 1394 ’.
837 1323 933 1414 [άπερ
957 1324 994 1392 δὲ
1017 1323 1230 1411 πεπράχαμεν
1252 1319 1338 1408 Ἀρι-

148 1457 173 1496 10
188 1430 379 1517 στοῳάνους
412 1431 579 1518 δράματα,
611 1435 728 1501 ταῦτα·
759 1429 941 1518 Ἀχαρνείς,
975 1430 1156 1518 Βάτραχοι,
1188 1428 1337 1516 Εἰρήνη,

187 1536 469 1624 Ἐκκλησιάζουσι,
493 1539 839 1626 Θεσμοφοριάζουσαι,
858 1536 990 1624 Ἱππείς,
1017 1536 1242 1625 Λυσιστράτη,
1269 1543 1337 1604 Νε-

187 1644 488 1734 φέλαι,’Όρνιθες,
513 1650 682 1730 Πλοῦτος,
706 1651 863 1733 Σφῆκες.]

276 1753 361 1820 CIII.
386 1751 671 1840 Ἀριστοφάνης
686 1756 868 1835 Βυζάντιος
882 1752 1117 1840 γραμματικός,
1136 1751 1211 1831 υίὸς
1223 1749 1337 1819 ’Λπελ-

187 1863 248 1927 λοῦ
272 1857 463 1946 ἡγουμένου
486 1863 708 1948 στρατιωτῶν,
734 1859 886 1948 μαθητὴς
910 1860 1126 1946 Καλλιμάχου
1147 1859 1204 1926 καὶ
1229 1867 1338 1945 Ζηνο-

145 1993 170 2031 15
186 1966 288 2035 δότου
316 1964 415 2054 (άλλά
445 1972 506 2036 τοῦ
536 1967 597 2054 μὲν
625 1968 714 2052 νέος,
742 1971 803 2034 τοῦ
831 1966 868 2033 δὲ
890 1980 968 2046 παῖς
997 1965 1150 2056 ἤκουσε),
1182 1963 1270 2051 πρὸς
1300 1966 1338 2034 δὲ

185 2073 316 2154 τούτοις
334 2077 389 2143 καὶ
405 2081 596 2143 Διονυσίου
614 2077 676 2142 τοῦ
688 2072 824 2160 Ἰάμβου
842 2072 897 2141 καὶ
912 2071 1112 2161 Εῦῳρονίδα
1130 2075 1191 2140 τοῦ
1206 2079 1338 2158 Κοριν-

185 2187 269 2248 θίου
301 2177 321 2266 ἢ
352 2187 554 2248 Σικυωνίου.
600 2182 718 2267 γέγονε
751 2181 788 2247 δέ
819 2178 902 2248 κατὰ
933 2179 995 2268 τὴν
1028 2179 1108 2267 ρμδ’
1140 2176 1339 2266 ὀλυμπιάδα

257 2375 305 2431 οιι
329 2375 369 2430 οι.
389 2395 415 2430 v.
430 2373 821 2431 Wssamowitz-Mffllendorff
836 2377 916 2430 εσυ.
936 2376 1000 2431 σω.
1019 2395 1046 2446 p.
1063 2381 1114 2431 135
1133 2378 1190 2431 not.
1212 2383 1230 2431 3
1255 2380 1286 2432 et
1305 2379 1336 2432 in
1387 2364 1396 2383 ·

185 2458 290 2511 Herma
303 2456 368 2510 XIV
385 2475 413 2527 p.
428 2461 479 2510 461
495 2473 552 2525 seq.
572 2458 601 2510 et
624 2471 695 2525 quae
714 2455 773 2509 dixi
791 2458 861 2510 Mus.
880 2457 968 2510 Rhen.
989 2455 1129 2527 xxxvp.
1153 2462 1203 2510 193
1226 2459 1257 2511 et
1275 2462 1339 2528 235,

186 2538 235 2593 ubi
248 2537 335 2592 verba
349 2530 421 2606 άπερ
433 2569 466 2576 -
477 2537 541 2592 exit.
558 2536 660 2591 Suidae
675 2535 728 2591 soli
742 2537 828 2591 tribui
888 2535 1065 2606 3Αἰγινήτην
1077 2538 1127 2594 vit.
1138 2536 1224 2592 Arist.
1236 2557 1265 2608 p.
1278 2545 1340 2606 156,

187 2627 220 2676 28
231 2620 318 2673 West.
374 2625 390 2672 6
405 2613 462 2687 ριδ’
477 2619 574 2686 aperte
589 2617 759 2687 corruptum,
778 2634 864 2686 quare
877 2617 1012 2672 nonnulla
1026 2616 1160 2672 excidisse
1176 2619 1341 2688 suspicatus

187 2703 228 2754 est
241 2699 409 2768 Bernhardy
483 2697 600 2759 8τινέςι
620 2698 803 2766 Ψαολειααίλι,
824 2697 1027 2767 Symb.p.140
1098 2703 1114 2751 9
1133 2697 1167 2751 de
1187 2715 1242 2752 usu
1260 2700 1341 2756 vocis

186 2776 320 2849 πράττειν
340 2777 518 2847 ef.B1'inger‚
538 2778 572 2832 de
592 2778 639 2831 Ar.
657 2775 728 2844 Equ.
749 2779 801 2831 ete.
821 2777 896 2846 apud
915 2776 991 2831 Suid.
1011 2777 1059 2832 rel.
1080 2777 1341 2846 (Argentor.1878)

186 2877 213 2927 p.
229 2865 244 2912 9
260 2875 317 2925 seq.
343 2857 470 2912 Ceterum
492 2873 653 2926 comparare
667 2856 735 2910 licet
749 2857 861 2912 doctam
875 2856 976 2926 vitam,
996 2873 1068 2925 quae
1082 2854 1188 2926 legitur
1201 2855 1234 2910 in
1249 2859 1340 2914 schoL

186 2939 295 2992 Platon.
306 2937 345 2991 VI
359 2955 385 3006 p.
401 2944 453 2992 227
464 2938 571 2991 Hem:
589 2933 784 3006 Ἀριστοφάνης
802 2933 817 2992 ὁ
833 2934 1046 3010 κωμῳδιοποιὸς
1065 2932 1212 3005 φαλακρὸς
1231 2930 1282 3007 ἦν,
1303 2935 1342 3003 ὡς

187 3014 275 3080 αὐτός
294 3035 380 3086 φησιν
400 3013 522 3088 Εἰρήνη·
547 3012 725 3089 ἐκωμῳδεῖτο
749 3013 777 3072 δ’
800 3014 846 3072 ἐπὶ
869 3018 907 3091 τῷ
927 3013 1065 3071 σκάπτειν
1089 3014 1142 3086 μὲν
1163 3011 1339 3089 Εῦριπίδην,

186 3101 336 3168 μιμεῖσθαι
360 3091 389 3150 δ’
409 3092 507 3151 αῦτόν.
540 3103 690 3165 Κρατῖνος·
716 3099 773 3160 ’τίς
795 3096 828 3152 δὲ
848 3095 894 3166 σῦ;
919 3093 1031 3167 κομψός
1049 3117 1091 3158 τις
1110 3094 1201 3164 ἔροιτο
1224 3097 1339 3168 θεατὴς

186 3175 422 3247 ῦτιολεττόλογος,
449 3173 640 3246 γνωμιδιάτης
663 3174 1028 3247 edptmdaowvoqvocm'ng',
1052 3174 1102 3229 καί
1125 3170 1268 3238 αῦτὸςδ’
1295 3175 1341 3245 ἐξ·

187 3263 363 3329 ομολογείται
381 3253 496 3326 Σκηνάς
509 3255 841 3355 καταλαμβανούσαις·
822 3259 958 3359 χρῶμαι
975 3253 1029 3326 γάρ
1049 3250 1152 3326 αῦτοῦ,
1174 3260 1263 3328 φησί,
1287 3260 1340 3314 τοῦ

187 3335 322 3409 στόματος
340 3360 378 3412 τῳ
398 3335 567 3411 στρογγύλῳ·
594 3335 660 3401 τοῦς
678 3359 746 3402 νους
765 3333 793 3392 δ
814 3334 966 3408 ἀγοραίους
979 3356 1096 3406 ηττονη
1110 3332 1215 3399 ’κεῖνος
1235 3340 1339 3393 ποιεῖ’.

187 3497 275 3566 φασὶν
294 3492 382 3551 αῦτὸν
401 3496 550 3592 γενέσθαι,
570 3474 614 3551 διὸ
634 3495 683 3552 τὸν
703 3501 765 3572 βίον
784 3495 953 3566 κατέτριψεν
973 3491 1079 3564 ἑτέροις
1097 3496 1206 3551 πονῶν·
1224 3495 1267 3552 οἰ
1283 3495 1341 3569 γάρ

187 3573 299 3645 τετράδι
323 3574 495 3647 γεννώμενοι
517 3579 673 3640 πονοῦντες
694 3574 788 3641 ἄλλοις
811 3578 994 3646 καρποῦσθαι
1017 3574 1203 3646 παρέχουσιν,
1230 3573 1271 3640 ὡς
1289 3579 1341 3633 καὶ

189 3652 339 3726 Φιλόχορος
364 3652 396 3711 έν
419 3657 453 3728 τῇ
476 3654 572 3728 πράτη
597 3659 663 3729 περὶ
685 3655 797 3728 ἡμερῶν
821 3656 931 3725 ἰστορεί.
968 3652 1056 3726 ταῦτη
1080 3653 1113 3710 δὲ
1137 3655 1187 3710 καὶ
1208 3651 1340 3728 Ἡρακλῆ

188 3757 259 3808 φασι
281 3738 466 3807 γεννηθῆναι.
504 3745 578 3807 τρεῖς
601 3736 632 3793 δ’
652 3738 733 3809 ἔσχεν
756 3735 849 3808 υἰοῦς,
873 3739 1014 3792 Φίλιππον
1037 3731 1087 3790 τὸν
1111 3737 1163 3790 τοῦ
1183 3731 1339 3808 Εῦβοῦλου

188 3816 327 3887 δράμασιν
346 3815 559 3887 ἀγωνισάμενον
578 3818 627 3873 καί
647 3813 779 3888 Ἀραρότα
799 3817 881 3880 ἰδίοις
899 3837 928 3872 τε
948 3817 1065 3871 καὶτοῦ
1086 3811 1194 3885 πατρδς
1211 3814 1343 3889 δράμασι

187 3896 408 3969 διηγωνισμένον
427 3897 475 3952 καὶ
493 3902 600 3968 τρίτον,
623 3893 656 3954 ὃν
677 3894 878 3968 Ἀπολλόδωρος
901 3897 954 3967 μὲν
974 3893 1171 3964 Νικόστρατον
1190 3901 1291 3967 καλεῖ,
1314 3895 1345 3953 οἰ

188 3975 219 4032 δὲ
239 3979 304 4048 περὶ
324 3981 496 4048 Δικαίαρχον
518 3978 689 4047 Φιλέταιρον,
727 3975 919 4047 κατεκλήρωσε
944 3976 975 4032 δὲ
999 3977 1048 4032 καὶ
1072 3971 1124 4045 τὴν
1142 3978 1280 4047 Αἴγιναν,
1304 3973 1344 4041 ὡς

188 4057 330 4128 Θεογένης
349 4054 380 4113 έν
399 4059 437 4132 τῳ
456 4058 521 4128 περὶ
539 4058 659 4128 Αἰγίνης.
697 4061 873 4131 κωμῳδεῖται
892 4055 938 4125 δέ,
962 4052 1007 4111 ὅτι
1030 4057 1079 4111 καὶ
1100 4052 1131 4111 τδ
1151 4058 1202 4125 τῆς
1222 4056 1342 4128 εἰρήνης

187 4136 352 4194 κολοσσικδν
376 4137 476 4209 ἐξῆρεν
499 4136 624 4208 άγαλμα·
659 4134 782 4202 Εὔπολις
804 4134 967 4210 Αῦτολῦκῳ,
992 4134 1112 4191 Πλάτων
1136 4137 1254 4200 Νίκαις.
1300 4139 1341 4194 cf.

187 4219 336 4289 Mettauer,
356 4220 391 4274 de
410 4220 478 4277 font.
498 4239 525 4289 p.
541 4225 574 4273 59
590 4236 647 4287 seq.

259 4299 320 4354 CIII
342 4300 419 4355 Ενά.
438 4319 464 4369 p.
482 4305 541 4366 108,
561 4315 632 4367 quae
652 4317 706 4354 om.
721 4295 791 4353 ἄλλα
806 4329 838 4338 -
854 4294 957 4365 ἤκουσε
977 4299 1006 4350 et
1025 4291 1042 4365 ἢ
1062 4299 1125 4350 Σικ.
1140 4329 1174 4336 -
1190 4299 1262 4355 θεία
1301 4302 1343 4361 cf.

188 4379 281 4447 Daub,
302 4379 381 4435 sssud.
399 4397 426 4447 p.
443 4384 476 4434 78
551 4385 584 4432 14
602 4379 652 4432 τοῦ
671 4381 736 4449 post
751 4376 804 4435 Ἆπ.
819 4378 884 4433 add.
898 4378 983 4432 Daub
1054 4373 1216 4448 Ζηνοδόχου
1237 4385 1263 4432 V

191 4465 222 4513 17
247 4455 309 4527 ρμε’
335 4458 425 4513 Paris.
447 4459 563 4512 Κασίετί
585 4457 698 4513 Ιοαείιιε
721 4457 787 4528 ρμδ’
812 4462 914 4511 mv
938 4457 1081 4524 Gaisford.
1119 4452 1165 4528 με’
1186 4474 1255 4527 pars
1278 4461 1343 4516 edd.
