2910 5056
208 264 233 317 x
301 240 305 248 “
642 262 917 320 Pucinuounus

208 432 319 513 gestas
343 449 423 513 non,
451 433 488 493 ut
511 428 574 493 sibi
601 430 827 513 proposuerat,
857 449 992 511 prorsus
1015 426 1196 492 absolvisse
1224 430 1327 512 patet.
1335 427 1361 515 ¹)

208 533 303 600 Unde
323 536 351 600 si
365 534 567 620 Hesychium
586 533 759 600 Iustiniani
778 538 886 600 aetate
900 535 950 599 vel
968 535 1067 618 paulo
1089 538 1166 620 post
1189 534 1362 620 scripsisse

208 643 289 708 satis
322 642 535 727 probabiliter
573 643 762 709 concludere
794 644 845 708 fas
878 647 942 729 est,
977 643 1081 708 altero
1114 642 1210 707 inniti
1242 664 1360 727 possu-

208 771 279 816 mus
303 750 374 816 loco
396 747 602 816 Constantio.
621 750 780 835 Porphyr.
804 751 842 814 de
861 750 1011 816 Themat.
1029 749 1084 815 lib.
1103 748 1132 833 I,
1151 749 1172 814 2
1196 743 1274 815 οὔτε
1293 745 1359 837 γὰρ

208 851 401 942 Προκόπιος
429 850 506 921 οὔτε
529 855 732 942 Μένανδρος
759 855 829 941 (qui
856 856 1026 921 historiam
1058 877 1218 921 annorum
1241 856 1359 923 558—

208 963 274 1028 582
298 961 443 1049 scripsit)
468 958 544 1029 οὔτε
562 957 747 1048 Ἡσύχιος
766 958 1033 1047 Ἰλλούστριος
1056 959 1284 1047 ἐμνημόνευσε
1302 962 1360 1030 καὶ

208 1065 365 1136 τοιούτου
389 1063 569 1155 ὀνόματος,
594 1071 628 1136 οἱ
650 1064 688 1136 τὰ
712 1066 852 1156 χρονικὰ
877 1067 1097 1149 συντάξαντες
1120 1067 1173 1135 ἐπὶ
1195 1070 1254 1155 τῆς
1274 1066 1359 1138 ’Iov-

208 1179 383 1244 στινιανοῦ
406 1180 573 1262 βασιλείας
597 1176 650 1263 (cf.
673 1177 729 1243 lib.
752 1176 796 1265 II,
823 1174 870 1262 8),
902 1199 940 1242 ex
967 1198 1031 1260 quo
1054 1176 1253 1262 Hesychium
1280 1185 1360 1264 post

207 1284 378 1350 Menandri
405 1284 603 1349 Protectoris
632 1287 779 1368 tempora
807 1285 925 1349 vixisse
959 1284 1071 1370 colligi
1100 1288 1218 1367 potest.
1264 1286 1359 1363 Quod

208 1394 236 1458 si
255 1392 428 1459 Iustiniani
452 1394 592 1456 aetatem
610 1390 724 1456 laudat
746 1393 872 1475 auctor,
896 1391 944 1454 nil
963 1390 1027 1455 nisi
1047 1394 1172 1456 sextum
1192 1393 1359 1459 saeculum

206 1500 380 1566 Iustiniani
404 1498 611 1585 potissimum
634 1499 730 1563 rebus
755 1499 856 1584 gestis
880 1497 1078 1563 celebratum
1102 1499 1250 1586 intellegi
1276 1502 1361 1588 vult,

207 1630 280 1673 curn
304 1630 344 1672 ne
367 1606 580 1671 Menandrum
604 1605 732 1690 quidem
756 1606 816 1671 sub
840 1605 1037 1692 Iustiniano,
1061 1606 1116 1672 sed
1141 1607 1201 1672 sub
1221 1607 1358 1676 Tiberio
1443 1597 1446 1601 ⁴

207 1712 240 1778 II
264 1712 471 1800 (578-582)
496 1712 663 1798 scripsisse
687 1716 822 1779 constet.
859 1711 952 1778 Unus
977 1718 1085 1778 autern
1107 1717 1210 1779 restat
1233 1715 1273 1780 de
1291 1714 1360 1782 He-

208 1820 318 1904 sychio
345 1821 435 1886 locus
463 1819 684 1885 memorabilis
708 1818 837 1906 Codini,
865 1819 904 1885 dc
928 1821 1009 1906 orig.
1032 1818 1144 1886 Const.
1169 1843 1200 1904 p.
1226 1823 1266 1886 18
1295 1820 1362 1908 (ed.

207 1925 351 2014 Bona),
368 1927 425 1992 ubi
453 1927 500 1991 ita
523 1949 557 1991 se
585 1948 736 1992 narrasse
764 1926 843 1991 dicit
867 1931 991 2012 auctor,
1019 1920 1134 2005 καθὼς
1162 1928 1361 2011 ἱστοροῦσιν

207 2029 416 2117 Εὐτνχιανός
444 2071 485 2080 -
513 2031 568 2099 καὶ
597 2028 786 2117 Εὐτρόπιος
820 2030 838 2099 ὁ
867 2029 1027 2118 σοφιστής
1059 2072 1095 2082 -
1124 2030 1293 2113 Ἐλεύσιος
1323 2062 1361 2104 τε

208 2137 365 2218 διάκονος
393 2135 411 2206 ὁ
440 2137 693 2226 φιλόσοφος-
726 2143 873 2226 Τρωίλος
901 2135 918 2206 ὁ
948 2136 1058 2226 ῥήτωρ
1089 2179 1126 2188 -
1156 2140 1220 2207 καὶ
1242 2137 1362 2208 ‘Hori-

206 2271 292 2332 χιος
322 2243 340 2313 ὁ
371 2243 667 2334 ταχννροῖφος.2)
715 2236 959 2325 οὗτοιιποίντες
988 2243 1148 2314 αὐτόπται
1179 2233 1380 2333 γενόμενοιΙ

207 2356 275 2420 τῶν
309 2355 489 2440 τηνικαῦτα
526 2355 747 2440 πραχθέντων
783 2348 928 2437 ἀκριβῶς
962 2352 1057 2420 euml
1092 2352 1360 2441 συνεγράψαντο.

207 2460 269 2528 Sed
292 2463 331 2529 de
354 2468 513 2548 tempore,
537 2485 600 2548 quo
619 2462 802 2548 Hesychius
822 2461 951 2547 vixerit,
973 2463 1096 2547 pariter
1118 2464 1238 2528 erravit
1261 2449 1370 2530 Goon

206 2592 267 2634 nus
292 2593 329 2636 ac
353 2570 391 2637 de
413 2571 530 2654 Troili,
553 2593 626 2636 cum
646 2569 855 2636 Constantini
878 2591 933 2635 eos
956 2570 1106 2655 aequales
1129 2571 1230 2636 fuisse
1253 2576 1358 2657 putet,

206 2676 239 2740 id
257 2678 342 2762 quod
361 2680 488 2744 notavit
506 2679 623 2744 Miiller
641 2677 688 2743 IV
707 2702 738 2764 p.
757 2678 790 2761 43
814 2657 893 2754 narn
910 2682 1058 2743 nostrum
1078 2677 1277 2768 Hesychium
1295 2679 1356 2745 Mi-

206 2782 336 2866 lesium,
365 2807 384 2847 a
408 2806 470 2867 quo
495 2785 565 2871 ipse
588 2785 622 2848 in
646 2784 742 2848 rebus
767 2781 1139 2868 Constantinopolitanis
1168 2787 1355 2852 enarrandis

207 2893 295 2953 totus
318 2890 449 2974 pendet,
473 2912 546 2956 eum
564 2890 744 2973 respexisse
764 2889 936 2955 admodum
961 2891 1029 2956 veri
1054 2890 1159 2956 simile
1184 2898 1242 2959 est.

294 2994 408 3079 ltaque
433 3018 506 3062 cunr
525 3019 564 3062 ex
583 3019 694 3062 eorum
714 3001 895 3083 auctorum,
920 2998 974 3082 qui
994 2998 1032 3063 de
1052 2998 1218 3083 Hesychio
1242 3005 1354 3086 agunt,

206 3102 412 3186 opinionibus
435 3102 484 3167 nil
507 3104 588 3168 certi
612 3103 650 3169 de
674 3103 735 3169 hac
759 3103 947 3188 quaestione
970 3104 1076 3190 possit
1099 3106 1236 3192 percipi,
1264 3131 1353 3192 prae·

206 3210 410 3275 stantissinra
432 3211 528 3275 nobis
548 3211 725 3276 afferuntur
745 3216 938 3297 argumenta
957 3234 996 3277 ex
1014 3212 1144 3277 illorum
1162 3213 1248 3297 vitis,
1272 3237 1352 3301 quos

205 3317 274 3399 ipse
303 3316 487 3402 Hesychius
518 3317 687 3402 descripsit
717 3355 759 3365 -
790 3341 854 3404 qua
885 3318 924 3383 de
954 3341 989 3383 re
1018 3319 1142 3403 primus
1173 3320 1353 3404 disputavit

206 3421 242 3487 Ο.
261 3421 448 3509 Schneider,
476 3423 603 3490 Gallim.
625 3424 658 3490 lI
682 3447 712 3508 p.
735 3422 810 3512 27³)
836 3462 877 3471 -
906 3426 991 3490 inter
1018 3447 1099 3510 quos
1127 3425 1259 3492 Petrum
1285 3427 1352 3493 Ma·

278 3690 304 3756 1>
328 3688 426 3758 Neque
446 3689 533 3758 enirn,
557 3687 625 3758 quid
644 3687 737 3754 Daub,
757 3687 834 3744 Stud.
854 3707 881 3758 p.
898 3694 948 3743 151
971 3693 1029 3746 not.
1048 3691 1084 3745 da
1108 3692 1162 3747 hac
1185 3708 1215 3747 re
1233 3691 1349 3758 iudicet,

203 3765 348 3838 intellego.

277 3850 303 3915 2)
323 3847 435 3904 Patrem
454 3851 514 3905 eius
533 3846 685 3921 δικηγόρον
703 3850 789 3905 fuisse
808 3847 906 3904 Suidas
924 3850 1028 3903 narrat.

277 3929 304 3997 3)
324 3928 378 3994 Qui
395 3929 480 3985 hosce
496 3930 567 3986 sexti
581 3930 684 3985 saeculi
698 3929 847 4000 scriptores
861 3928 1047 3985 euurheravit:
1066 3930 1212 4000 Agathias‚
1227 3930 1348 3987 Christo-

206 4009 309 4081 dorus,
327 4008 477 4080 Coluthus,
500 4010 678 4079 Damascius,
696 4009 851 4079 Eugenius,
870 4007 1050 4077 Eustathius,
1071 4009 1252 4077 Hermolaus,
1279 4011 1350 4065 Mal-

205 4089 285 4157 chus,
309 4089 463 4161 Marianus,
486 4091 621 4148 Nicolaus
643 4092 752 4159 rhetor,
776 4088 972 4158 Pamprepius,
990 4089 1154 4160 Panolbius‚
1174 4089 1273 4145 Petrus
1291 4093 1350 4147 Ma-

205 4170 301 4240 gister,
320 4170 480 4240 Procopius,
494 4170 658 4227 Timotheus
673 4171 806 4239 Gazaeus,
821 4163 1015 4238 Tritoniaca,
1032 4169 1165 4224 Zosimus.
1185 4167 1244 4224 Nec
1258 4171 1351 4227 minus

205 4254 280 4305 recte
298 4251 374 4307 idem
393 4252 561 4322 observavit,
580 4252 610 4306 in
627 4250 726 4322 glossis
741 4246 893 4321 Ἀρύρτιος,
913 4244 1082 4319 Γνμνιὶτιος,
1097 4243 1251 4320 Ἑλλάδος,
1269 4251 1350 4306 Θέων

205 4329 356 4404 Σιδώνιος,
377 4328 545 4405 Ἰοὶμβλιχος,
566 4327 718 4395 Ἰουλιανὸς
741 4329 870 4402 Λόμνον,
895 4325 1042 4400 Λιβὰνιος,
1067 4323 1229 4392 Οὐλπιανὸς
1251 4324 1349 4385 Ἀντιο-

206 4406 285 4482 zetis,
308 4409 481 4481 Παλλάδιος,
506 4413 620 4476 Παῦλος
643 4407 806 4483 Αἰγύπτιος,
829 4408 1015 4482 Προαιρὲσιος
1038 4410 1072 4465 de
1093 4408 1275 4466 Constantino
1299 4411 1350 4467 im·
