2910 5056
187 307 231 372 50
650 307 864 367 HESYCHIUS.

274 468 382 537 CXCI.
420 469 621 555 Διαγόρας
654 475 872 557 Τηλεκλείδου
898 467 919 557 ή
953 469 1162 557 Τηλεκλύτου
1191 468 1340 557 Μήλιος,

185 576 372 664 φιλόσοφος
391 577 445 643 καὶ
465 574 624 666 ᾀσμάτων
642 577 790 665 ποιητής,
811 575 852 645 δν
871 576 980 665 εὐφυᾶ
994 577 1206 665 θεασόμενος
1222 577 1341 664 Δημό-

184 709 294 770 κριτος
327 682 344 751 ὁ
373 681 566 773 Ἀβδηρίτης
600 683 754 772 ὠνήσατο
789 683 893 753 αὐτὸν
928 689 1055 754 δούλον
1089 683 1170 752 ὄντα
1204 689 1340 773 μυρίων

187 794 361 878 δραχμῶν,
389 793 445 858 καί
472 790 630 879 μαθητήν
658 791 845 878 ἐποιήσατο.
893 791 910 860 ὁ
936 792 973 859 δὲ
996 794 1051 860 καὶ
1073 795 1113 880 τῇ
1137 796 1259 881 λυρική
1286 794 1350 860 ἐπ-.

160 900 300 985 τέθετο,
337 912 409 977 τοῖς
443 897 577 987 χρόνοις
613 894 661 967 ῶν
698 897 779 966 κατὰ
814 903 991 985 Πίνδαρον
1023 901 1078 967 καὶ
1110 903 1340 986 Βακχυλίδην,

187 1009 446 1072 Μελανιππίδου
470 1004 507 1072 δέ
530 1004 764 1092 πρεσβύτερος·
788 1003 909 1092 ἤκμαζε
928 1010 1045 1074 τοίνυν
1070 1004 1123 1092 οη’
1144 1003 1340 1091 ὀλυμπιάδι.

187 1111 353 1199 ἐπεκλήθη
373 1112 410 1180 di
430 1111 543 1198 ἄθεος,
564 1112 651 1180 διότι
665 1116 763 1181 τοῦτο
780 1112 933 1194 ἐδόξαζεν
947 1110 1005 1197 ἀφ’
1025 1103 1065 1180 οὗ
1080 1138 1129 1191 τις
1143 1109 1340 1199 ὁμότεχνος,

187 1220 351 1299 αἰτιαθεὶς
379 1216 435 1287 ὑπ’
474 1217 593 1305 αὐτοῦ,
625 1216 670 1298 ῶς
702 1217 743 1304 δὴ
777 1222 903 1286 παιῶνα
931 1215 1138 1305 ἀφελόμενος
1163 1214 1205 1286 δν
1236 1217 1342 1298 αὐτὸς

187 1325 384 1413 ἐπεποιήκει,
404 1325 591 1412 ἐξωμόσατο
612 1325 655 1412 μή
670 1325 869 1411 κεκλοφέναι
887 1328 1019 1411 τοῦτον,
1043 1323 1163 1413 μικρὸν
1184 1324 1223 1394 δὲ
1243 1323 1342 1395 ὕστε·

148 1456 173 1495 ιο
187 1459 249 1518 ρον
279 1432 525 1521 ἐπιδειξόμενος
550 1430 653 1500 αὐτὸν
679 1429 891 1520 εὐημέρησεν.
938 1433 1097 1530 ἐντεῦθεν
1122 1423 1187 1499 οὐν
1210 1428 1229 1499 δ
1256 1442 1343 1500 Δια-

186 1539 289 1625 γόρας
326 1538 487 1625 λυπηθεὶς
524 1542 646 1626 ἔγραφε
678 1536 757 1616 τοὺς
788 1541 1018 1625 καλουμένους
1041 1537 1343 1627 ωἰποπυργίζοντας

186 1646 322 1733 λόγους,
356 1644 570 1733 ἀναχώρησιν
606 1642 709 1712 αὐτοῦ
736 1647 791 1713 καὶ
820 1651 982 1714 ἔκπτωσιν
1011 1650 1147 1733 ἐχοντας
1172 1651 1233 1733 τῆς
1263 1649 1343 1736 περὶ

185 1751 223 1821 τὸ
246 1763 344 1822 θεῖον
369 1753 475 1840 δόξης.
502 1751 702 1838 κατοικήσας
726 1750 762 1818 δέ
783 1754 961 1840 Κόρινθον
981 1750 998 1820 ὁ
1019 1753 1192 1842 Διαγόρας
1211 1753 1343 1823 αὐτόθι

185 1849 246 1929 τὸν
268 1867 346 1948 βίον
364 1865 591 1946 κατέστρεψεν.
971 1917 973 1921 .

146 1992 172 2032 15
276 1970 400 2038 CXCII.
439 1972 616 2054 Δίδυμος
635 1962 761 2053 Ἀτήιος
787 1963 979 2052 [ήἎττιος]
1003 1974 1218 2055 χρηματίσας,
1242 1969 1344 2055 φιλό-

187 2095 292 2162 σοφος
321 2074 570 2162 Ἀκαδημαϊκός.
620 2078 777 2143 πιθανῶν
812 2076 868 2141 καὶ
903 2075 1121 2162 σοφισμάτων
1153 2074 1270 2156 λύσεις
1305 2079 1344 2145 ἐν

185 2188 329 2268 βιβλίοις
351 2183 392 2270 β’,
415 2185 470 2252 καί
493 2183 577 2251 ἄλλα
600 2182 716 2251 πολλοί.

275 2291 419 2357 CXCIII.
457 2294 637 2376 Δίδυμος
662 2288 819 2375 Διδύμου
841 2290 1086 2377 ταριχοπώλου,
1110 2291 1345 2378 γραμματικὸς

184 2394 442 2486 Ἀριστόρχειος,
467 2395 710 2482 Ἀλεξανδρεύς,
734 2394 880 2482 γεγονῶς
901 2399 953 2465 ἐπὶ
965 2396 1146 2466 Ἀντωνίου
1159 2399 1217 2466 καλ
1242 2402 1344 2468 Κικέ-

146 2532 172 2571 εο
186 2530 294 2590 ρωνος
316 2505 371 2572 καὶ
391 2508 452 2584 ἕως
465 2502 680 2590 Αὐγούστου,
705 2504 931 2588 Χαλκέντερος
948 2506 1084 2590 κληθεὶς
1104 2504 1160 2572 διὰ
1182 2504 1249 2592 τήν
1263 2507 1344 2595 περὶ

186 2609 225 2678 τδι
243 2617 357 2700 βιβλία
376 2610 547 2699 ἐπιμονήν.
584 2610 667 2698 φασὶ
685 2608 748 2696 γὰρ
772 2606 877 2677 αὐτὸν
897 2613 1164 2700 συγγεγραφέναι
1186 2610 1275 2703 ὑπὲρ
1300 2613 1344 2682 τὰ

186 2724 350 2807 τρισχίλια
372 2720 428 2787 καὶ
451 2717 652 2786 πεντακόσια
676 2721 797 2802 βιβλία.

258 2949 341 3004 CXCI
359 2951 399 3006 Cf.
419 2951 514 3019 Steph.
533 2950 596 3017 Byz.
615 2966 642 3001 v.
659 2947 757 3015 Μήλος
830 2955 842 3002 1
864 2944 1002 3017 Μιλήσιος
1016 2955 1151 3004 Amin
1166 2969 1237 3008 corr.
1254 2953 1336 3009 Gais-

186 3033 250 3097 ford
286 3028 420 3100 σοφιστής
438 3024 455 3098 ἢ
476 3033 533 3098 φιλ.
552 3035 573 3080 Ε
592 3027 687 3081 καλ-
703 3025 821 3096 ποιητής
841 3045 894 3084 om.
913 3036 936 3082 V
991 3025 1061 3085 2δν
1081 3065 1115 3073 -
1134 3032 1199 3088 exit.
1221 3033 1336 3088 exhibet

122 3179 129 3189 .
187 3112 422 3182 Ρετιιδο-Ηεεηολ.
442 3129 463 3167 ο.
485 3117 531 3177 1⁷3
551 3110 649 3164 eadem
666 3109 784 3164 fortasse
802 3109 888 3163 verba
906 3110 1045 3178 Hesychio
1064 3112 1255 3169 adiudicanda
1272 3117 1335 3170 eunt

187 3199 202 3246 3
222 3191 336 3246 dodIov:
360 3189 548 3254 mehemeth,
568 3187 662 3257 symb.
681 3207 708 3257 p.
730 3194 779 3242 141
854 3195 869 3244 5
888 3186 960 3243 κατὰ
981 3207 1050 3246 corr.
1069 3194 1208 3248 Kusterus
1227 3191 1332 3265 μετάΔ

162 3322 164 3326 ,
186 3274 257 3341 vulp.
276 3273 454 3342 Βοκωλατιίγς
479 3271 513 3326 cf.
538 3269 663 3338 Clinton,
682 3288 709 3339 p.
729 3276 762 3323 41
782 3269 829 3325 Kr.
916 3278 932 3325 6
951 3275 1170 3328 Μελανιππίδου
1193 3305 1227 3314 -
1252 3269 1330 3344 όλνμ-

187 3349 267 3406 πιόδι
287 3370 339 3407 om.
355 3352 422 3407 vett.
439 3351 501 3407 edd.
522 3353 551 3405 et
563 3355 638 3402 BEV
653 3368 686 3404 ex
700 3354 722 3400 A
741 3350 805 3403 add.
819 3351 970 3420 Κκείωαε,
988 3353 1121 3422 leguntur
1135 3353 1166 3407 in
1179 3359 1242 3406 Vat.
1256 3359 1327 3405 Peir-

187 3449 248 3500 σου,
267 3433 315 3487 sed
334 3433 364 3486 in
377 3437 400 3484 A
419 3430 541 3486 dilucide
561 3429 693 3498 seriptum
714 3445 774 3483 esse
791 3432 1008 3500 Μελανιππίδης
1026 3433 1102 3487 recte
1121 3433 1234 3486 monuit
1254 3431 1326 3486 Gais-

185 3512 249 3579 ford
334 3507 400 3575 λδς
421 3509 512 3566 ἐπεκλ.
531 3515 554 3561 V
573 3508 624 3564 nai
643 3505 735 3563 έπεκλ.
755 3514 778 3561 A
863 3505 936 3563 διότι
956 3542 987 3549 -
1008 3514 1160 3580 λυπηθείς,
1185 3513 1215 3565 ei
1233 3515 1321 3565 καλιν-

186 3589 288 3660 μένους
307 3594 336 3646 et
357 3588 534 3662 ἀναχώρησιν
553 3585 642 3643 αὐτοῦ
667 3604 720 3641 om.
740 3591 811 3659 υκίγ.
832 3595 902 3643 exA
921 3593 950 3644 et
968 3596 1029 3643 vat.
1048 3595 1170 3644 Pearson.
1189 3589 1320 3646 revocavit

186 3671 334 3738 Κυνίσκα
358 3673 455 3726 eadem
474 3673 559 3727 eiiam
579 3670 823 3740 Ρειιιιίο-Ηωγολ.
842 3672 972 3740 praebet,
999 3672 1048 3740 qui
1066 3690 1120 3726 om.
1140 3672 1322 3744 καλουμέναις

187 3753 215 3803 et
232 3747 410 3820 ἀναχώρησιν
429 3747 517 3807 αὐτοῦ
587 3757 619 3804 12
640 3748 771 3816 έκπτνξιν
790 3768 857 3806 corr.
878 3753 1100 3808 Ηεκιελεκλκείκε
1165 3760 1197 3808 73
1217 3749 1330 3819 ὁΔιαγ.

186 3830 260 3883 solus
278 3835 315 3896 A,
333 3833 500 3901 dividetur,
520 3827 535 3885 ὁ
557 3848 609 3886 om.
629 3832 679 3885 rel.
752 3836 785 3884 14
803 3829 958 3901 κατέτριψε
978 3838 1001 3884 V
1019 3833 1211 3902 κατέστρεφεν
1229 3838 1251 3885 A

257 3910 352 3965 CXCII
370 3914 446 3968 Εκολ.
470 3931 496 3982 p.
517 3918 583 3981 234,
608 3929 677 3980 quae
700 3910 800 3979 incipit
819 3913 881 3966 Διδ.
903 3907 1019 3981 Ἀτήϊος,
1044 3917 1100 3982 φιλ.
1122 3909 1211 3969 Ἀκαδ.
1235 3930 1288 3968 om.
1316 3909 1362 3993 ἢ

180 3984 289 4053 Ἄττιος.
324 3993 363 4047 Cf.
384 3994 493 4048 Unders.
514 4011 540 4062 p.
557 3997 604 4059 51,
623 3990 713 4058 Diels,
733 3990 853 4061 Doxogr.
873 4010 899 4060 p.
920 3996 954 4046 86
964 4009 1029 4062 seq„
1049 3993 1097 4062 qui
1115 3997 1181 4063 post
1199 3989 1371 4052 medardi„

184 4089 330 4126 numerum
349 4072 483 4128 excidisse
497 4074 581 4141 putat
640 4078 672 4126 15
690 4068 794 4141 ”Apsias
812 4088 863 4140 pro
876 4068 978 4134 ’Ἀττιος
993 4090 1026 4127 ex
1040 4074 1142 4130 Εκεεδ.
1157 4094 1198 4145 pr.
1214 4093 1254 4130 ev.
1268 4067 1384 4150 KV,

187 4159 218 4204 15
239 4154 309 4208 coni,
324 4154 443 4220 Ιοοείοε,
463 4153 528 4208 hist.
544 4170 594 4207 scr.
610 4153 656 4222 ph.
672 4153 723 4220 ΙΙΙ,
740 4158 753 4205 1
773 4152 903 4205 laudatus
917 4152 1045 4207 Εείκτείο
1060 4157 1153 4217 Αίτιος
1171 4154 1216 4208 vel
1231 4148 1385 4218 Ἀέτιος

187 4232 324 4302 stupide,
343 4227 476 4302 δ”Αττιος
495 4236 680 4287 correcturem
698 4232 811 4287 lectoris
826 4249 884 4287 esse
899 4233 973 4286 vidit
989 4234 1157 4306 Bernhardy
1213 4239 1244 4288 16
1261 4244 1327 4285 πε
1337 4235 1385 4298 ρλ

184 4315 317 4368 πιθανῶν
336 4315 381 4369 vel
400 4310 511 4368 πιθανοὶ
531 4314 616 4367 Daub

256 4392 365 4447 CXCIII
384 4395 459 4448 Εαολ.
474 4411 501 4462 p.
516 4399 569 4447 230
625 4399 658 4447 19
675 4388 835 4449 Ἀντωνίνου
850 4395 922 4463 vulp.
938 4410 1007 4450 corr.
1022 4394 1160 4449 Καείωκε
1204 4399 1237 4448 20
1251 4387 1385 4444 Καλ-

184 4469 315 4542 κέντερος
334 4490 393 4542 seq.
412 4473 562 4543 descripsii
580 4473 824 4547 Ρεταιίο-Ητεγολι.
846 4492 869 4529 ο.
889 4481 922 4530 21
996 4482 1030 4530 22
1049 4474 1099 4530 καὶ
1118 4494 1171 4532 om.
1191 4479 1213 4528 A
