2880 5054
180 307 245 369 176
646 304 859 362 HESYOHIUS.

269 485 406 551 DOLIX.
444 491 482 550 Π
484 482 710 569 ολόκαρπος
733 479 896 551 Ἰωάννου
921 487 983 551 τοῦ
1012 480 1251 570 εὐαγγελιστοῦ
1270 485 1319 551 καλ

177 591 346 676 θεολόγον
370 588 547 677 ἀκροατής,
577 590 734 675 διάδοχος
757 589 795 657 δὲ
818 590 995 658 Βουκόλον
1017 595 1081 659 τοῦ
1102 591 1239 679 πριότου
1261 592 1319 658 ἐτι

178 696 408 784 σκοπήσανιος
436 701 494 782 τῆς
521 702 729 783 Σμυρναίων
757 699 945 784 ἐκκλησίας,
977 694 1014 778 δς
1040 700 1096 766 καὶ
1124 697 1195 786 μετ’
1226 696 1319 767 αάτδν

176 809 235 890 τῆς
269 807 449 889 ἐπισκοπῆς
482 802 638 890 δεύτερος
670 803 843 890 ἐκράτησε,
876 805 932 871 καλ
968 812 1142 897 μαρτυρίω
1170 810 1217 897 τῷ
1244 803 1318 890 ὑπὲρ

152 914 326 997 5Χριστοῦ
355 916 558 978 τετελείωται
587 911 639 977 ἐπὶ
666 911 809 995 Μάρκου
830 909 1042 980 ’Λυτωνίνου
1089 918 1237 1002 ἔγραψεν
1261 915 1317 981 ἐτι-

178 1017 302 1103 στολην
329 1015 412 1102 πρὸς
443 1022 688 1104 Φιλιππησίους
720 1005 811 1085 πάνυ
837 1016 1040 1104 θαυμαστὴν
1070 1021 1127 1087 καλ
1155 1018 1241 1107 πρὸς
1266 1017 1317 1087 τδν

178 1127 282 1210 μέγαν
315 1123 502 1192 Διονύσιον
529 1121 589 1192 τὸν
613 1121 859 1211 Ἀρεωπαγίτην
886 1125 942 1192 καὶ
970 1126 1053 1210 πρὸς
1080 1124 1186 1207 ἀλλας
1216 1128 1316 1211 exun-

178 1236 261 1308 σίας.
307 1219 420 1313 [οὗτος
443 1230 500 1297 διά
522 1257 616 1308 τινας
639 1235 746 1310 αἰτίας
767 1235 829 1299 τοῦ
852 1232 976 1319 πάσχα,
999 1232 1241 1317 βασιλεύοντος
1258 1229 1315 1299 Ἀρ·

177 1341 323 1404 τωνίνου
350 1341 411 1404 τοῦ
435 1343 525 1405 Πίον
553 1337 609 1404 καὶ
639 1339 900 1417 ἐπισκοποῦντας
926 1343 986 1425 τῆς
1011 1341 1187 1427 ἐκκλησίας
1204 1337 1314 1427 Ῥώμης

140 1441 365 1528 10Ἀιιικητου,
396 1445 512 1529 ἐπέστη
540 1448 579 1532 τη
598 1440 721 1531 Ῥώμη,
750 1446 787 1511 ἐν
814 1435 838 1532 ᾗ
862 1444 919 1511 καὶ
946 1443 1093 1525 πολλοὺς
1119 1451 1165 1538 τῷ
1190 1444 1312 1533 δόγματι

180 1555 385 1633 Μαρκίωνος
403 1552 457 1619 καλ
477 1557 685 1619 Βαλεντίνου
703 1550 942 1631 πιστεύσαντας
961 1550 1194 1622 ἀνεκαλέσατο.
1224 1551 1310 1620 ἀπαν-

131 1684 134 1689 ·
180 1656 343 1742 τήσαντος
371 1658 409 1725 δὲ
436 1660 525 1749 αὐτῷ
554 1660 587 1738 ἐξ
617 1654 808 1743 αὐτομάτου
831 1664 1050 1745 Μαρκίωνος,
1079 1660 1136 1727 καλ
1160 1658 1309 1748 εἰρηκότος

179 1763 267 1852 αὐτῷ
289 1764 443 1850 “γνω’ριζε
457 1763 552 1853 ἡμᾶς,
572 1763 801 1849 Πολύκαρπε’,
822 1752 986 1851 ἀπεκρίθη
1002 1767 1171 1854 *γνωρίζω
1189 1788 1224 1835 σε
1239 1792 1306 1855 προ

77 1948 90 1963 ι
180 1869 320 1937 τότοκον
343 1876 404 1938 τοῦ
428 1872 591 1958 διαβόλου
613 1868 733 1953 υίόνἸ.

141 1988 166 2027 1⁵
269 1979 392 2044 DOLX.
436 1975 695 2062 Πολυκράτης
721 1973 900 2062 Ἀλληναλος
930 1976 1041 2065 ῥήτωρ
1070 1978 1303 2059 deiecissent

179 2081 257 2161 τοὺς
274 2068 356 2150 κατὰ
373 2084 575 2170 Σωκράτους
594 2082 716 2167 λόγους
735 2082 797 2150 δύο
810 2079 935 2173 Ἀνάτω
953 2084 1009 2150 καλ
1023 2085 1170 2177 Μελήτῳ
1188 2084 1300 2172 γράψας.

268 2190 408 2257 DGLXI.
431 2189 666 2276 Πορφύριος
684 2190 716 2273 [ὁ
731 2188 813 2257 κατά
827 2194 1029 2276 χριστιανιόν
1044 2192 1188 2278 γράψας]
1205 2193 1299 2277 Τύριος

180 2294 382 2383 φιλόσοφος,
412 2293 448 2376 δς
470 2302 593 2381 κυρίως
616 2298 762 2363 ἐκαλεῖτο
786 2294 964 2382 Βασιλεύς,
988 2298 1143 2385 μαθητὴς
1167 2297 1299 2385 [Ἀμολίου

178 2407 252 2486 τοῦ]
273 2409 453 2471 Πλωτίυου
477 2407 660 2489 [μαθητοῦ]
686 2394 744 2491 (ἦν
769 2402 807 2469 δὲ
829 2403 884 2469 καλ
904 2410 1078 2489 Λογγίνου
1099 2409 1161 2475 τοῦ
1178 2403 1297 2491 κριτικοῦ

141 2524 166 2560 20
181 2506 462 2631 ἀκροασάμενος),
491 2509 692 2588 διδάσκαλος
721 2509 759 2577 δε
781 2507 986 2597 Ἰαμβλίχου,
1015 2512 1164 2598 γεγονὼς
1185 2512 1233 2580 ἐπὶ
1250 2510 1298 2575 τόν

180 2688 199 2723 s.
216 2670 261 2725 fin
276 2670 339 2725 edd.
354 2673 440 2738 Εκιλ,
459 2687 530 2738 quae
549 2671 636 2723 verbe
651 2686 716 2723 casu
731 2669 806 2738 apud
821 2670 934 2725 Suidem
949 2671 1126 2728 intercidisse
1139 2665 1298 2742 putatote,

182 2749 216 2802 de
238 2751 308 2807 Viol.
329 2771 355 2821 p.
371 2759 396 2821 3,
416 2768 530 2806 eausam
549 2749 715 2819 suspicionis
733 2767 788 2804 non
807 2749 897 2806 inesse
916 2750 990 2805 vidit
1009 2752 1136 2807 Μτίκιλιτ

254 2831 361 2884 DCLIX
385 2833 460 2886 Num
478 2830 657 2900 Hesychiane
679 2829 729 2896 sit,
752 2829 849 2884 dubito
941 2838 956 2885 7
977 2829 1181 2901 Ἀρεοπαγίτην
1197 2836 1220 2883 Δ
1237 2825 1298 2895 ’Aone-

181 2912 302 2978 παγίτην
320 2912 392 2980 vulp.
483 2915 499 2964 8
524 2903 606 2972 οὗτος
624 2927 681 2978 seq.
704 2910 740 2962 ed
763 2909 878 2964 verbum
902 2927 936 2964 ex
955 2910 1091 2981 Sophron.
1111 2930 1135 2969 e.
1152 2918 1184 2967 λλ
1205 2902 1299 2965 asnis

182 2990 324 3058 descripte
401 2998 434 3045 14
452 2987 516 3045 νῖόν
535 3009 589 3044 om.
606 2991 688 3059 Sept.

253 3070 351 3125 DOLX
372 3072 448 3126 Ειιιλ.
468 3091 494 3140 p.
511 3079 570 3127 591.
605 3071 645 3125 cf.
661 3071 741 3141 Diog.
757 3071 796 3138 ΙΙ,
811 3076 845 3125 38
859 3088 930 3139 seq.;
950 3071 1059 3129 Aeliun.
1073 3072 1140 3130 Ver.
1156 3072 1190 3127 Η.
1206 3071 1253 3139 xl,
1267 3072 1298 3121 1⁰·

183 3151 223 3206 Cf.
243 3150 333 3219 Eleus,
357 3151 415 3208 Att.
440 3153 501 3208 Ber.
520 3153 546 3205 ΙΙ
570 3171 596 3222 p.
612 3159 664 3207 336
757 3158 791 3208 15
818 3148 912 3214 δεινός
935 3172 965 3206 τε
989 3152 1039 3206 καλ
1061 3152 1136 3208 forte
1158 3154 1299 3209 mendosum·

182 3235 225 3285 An
239 3227 419 3294 δεινότατοςλ
439 3232 472 3287 ef.
489 3231 565 3286 Suid
584 3250 610 3288 v
627 3227 763 3300 Ἀκάκιος,
785 3228 968 3295 Τουσκιανός.
1002 3230 1133 3288 Ceterum
1151 3234 1185 3289 de
1203 3230 1301 3289 consttu-
1323 3280 1328 3293 .

182 3313 274 3367 ctione
296 3310 421 3383 γράψας,
444 3330 529 3380 quem
552 3330 569 3365 a
589 3311 675 3365 Suide
693 3311 841 3367 abhorrere
864 3311 977 3382 putavit
993 3313 1177 3384 Bernhardy,
1199 3313 1232 3369 ef.
1250 3322 1303 3381 quet

182 3411 279 3466 dixiv.
294 3407 375 3483 Ἄβας
435 3417 467 3464 16
487 3406 542 3481 β
523 3429 625 3471 ανντος
643 3409 692 3463 καλ
712 3408 866 3478 μόλητοςλ
885 3406 1019 3481 δεύτερος
1034 3406 1136 3484 Ἀνότω
1153 3410 1203 3467 καλ
1214 3408 1302 3475 Meus·

181 3494 253 3560 vulp
271 3493 346 3547 Eud.
380 3487 475 3545 δόο”
457 3511 560 3552 ανυτος
583 3489 632 3544 και
655 3488 765 3559 μέλιτος
782 3495 805 3540 V
829 3490 890 3558 (sed
908 3490 951 3545 bis
970 3512 991 3544 ω
1011 3466 1240 3562 supresoriptum)
1254 3481 1302 3543 διί-

182 3590 261 3638 τερος
278 3566 389 3626 Ἀνάτον
414 3570 462 3624 καλ
482 3572 606 3623 Μελίτου
625 3586 688 3623 oum
708 3570 855 3626 Ρωλλοκλο
872 3572 1025 3639 Κκεωιαος
1044 3571 1178 3641 equidem
1194 3568 1305 3627 eentu-

183 3652 269 3720 dyum
287 3655 396 3707 secutus
416 3671 477 3706 sum

254 3730 364 3785 DCLXI
383 3732 458 3786 Ειιιλ.
473 3750 500 3800 p
513 3738 572 3786 609.
592 3731 632 3786 ef
648 3730 754 3799 Eunep
769 3732 823 3800 lp.
837 3737 933 3798 'tseqq
926 3728 1056 3783 ·Mnller
1070 3729 1110 3783 III
1123 3750 1152 3801 p.
1164 3739 1215 3788 688
1259 3718 1305 3783 u·

183 3807 255 3865 κατὰ
269 3813 319 3877 Xe.
336 3807 448 3878 γράψας
466 3812 599 3866 recedunt
618 3829 651 3866 ex
669 3827 745 3863 more
761 3809 945 3878 Hesychieni,
963 3810 1163 3879 praeterquam
1181 3811 1252 3881 qnod
1266 3822 1306 3862 one

183 3892 271 3945 Eud.-
265 3890 410 3959 3repetita
424 3893 489 3944 sunt
503 3909 536 3945 ex
555 3893 689 3946 librorum
704 3891 801 3944 tabule
815 3891 861 3944 vel
875 3907 909 3944 ex
925 3890 1089 3958 insequente
1106 3890 1210 3945 Suidee
1222 3890 1307 3977 glun:

184 3963 266 4033 οὗτός
282 3966 400 4024 ἕστιν-
411 3965 488 4039 δτὴν
503 3968 575 4025 κατὰ
590 3970 757 4040 χριστιιινιλν
772 3966 944 4041 ἐφάβριστον
958 3969 1086 4037 γλῶσσαν
1098 3966 1216 4039 κινήσας
1248 3956 1307 4023 leis

184 4084 217 4092 —
230 4047 363 4113 Βασιλεύς
373 4069 408 4104 en
410 4056 438 4105 te
451 4049 552 4118 Τύριος
562 4051 694 4105 exhibent
702 4048 768 4104 libri
780 4049 855 4104 Suid
857 4048 1015 4145 ‚praetuli
1007 4065 1151 4105 inversum
1161 4050 1198 4105 ab
1206 4042 1308 4105 Εοδθθὶῑ

183 4133 329 4188 verborum
345 4130 483 4199 ordinem,
504 4147 574 4199 quae
588 4130 693 4199 pergit:
710 4128 787 4195 ἔδοξε
805 4124 887 4183 δι”
852 4150 925 4185 ουτω
941 4122 1191 4199 μετακληθῆνιιι
1172 4150 1192 4199 η
1207 4120 1307 4217 άκδιρί

185 4211 318 4286 βασιλέως
337 4218 362 4265 ελ
364 4232 411 4264 ναι
425 4208 477 4279 τὴν
491 4207 642 4302 κόρφρραν
656 4231 673 4277 η
668 4205 770 4264 καλ’
753 4206 809 4264 απὸ
825 4230 874 4265 τον
863 4211 1052 4278 πορφυρίσι
1069 4205 1257 4280 ὀνομάζεσθαι
1268 4196 1307 4271 ‘¹⁸1¹

186 4290 280 4360 Ίόρου
295 4291 405 4362 τέχνην.
418 4285 644 4350 -Βασιλεόςεο,
654 4287 782 4358 Μάλχος,
800 4278 921 4359 ’Apetlov
936 4291 965 4344 et
978 4309 1029 4344 τον
1015 4290 1183 4359 neonem,
1195 4298 1307 4375 quum

185 4373 258 4426 Mul
262 4373 419 4441 ,expunxi3
440 4371 539 4425 eadem
557 4370 669 4438 ignoret
683 4370 770 4423 etiam
784 4368 956 4438 Eunepius.
990 4375 1023 4423 19
1041 4360 1079 4438 ἦν
1093 4366 1176 4423 δλ-
1141 4354 1306 4458 -ἀκραρᾶ

185 4471 268 4521 μενος
282 4452 451 4521 transposui,
465 4450 554 4504 fretus
568 4450 709 4503 Eudoeiae
724 4449 858 4503 lectione·
873 4445 1014 4517 ἀκουστὴς
1026 4446 1107 4503 δὲ’
1073 4466 1175 4519 repen
1187 4443 1306 4515 ευριπ*
