2880 5054
216 310 260 374 84
679 310 893 366 HESYCHIUS.

213 477 349 557 κληρος,
382 468 565 559 Γοργόνες,
598 473 872 558 Πολυαράγμων,
905 473 1104 558 Θωρυκίων,
1137 469 1361 557 Πολύευκτος,

218 578 428 663 Φιλέταιρος,
452 578 516 656 Δὶς
538 576 801 664 ἐξαπατώμενος.

303 684 468 752 OOOXJX.
492 680 752 770 Ἡρακλείδης
766 679 1040 772 Εῦ<θύ>φρονος
1054 682 1256 771 φιλόσοφος,
1266 681 1361 770 Ἡρα-

214 796 324 870 κλείας
346 793 405 877 τής
427 787 580 872 Πόντου,
603 788 640 857 τὸ
666 789 703 858 δὲ
726 791 824 876 γένος
846 787 982 858 ἄνωθεν
1005 787 1070 859 ἆκὸ
1096 790 1263 878 Δάμιδος,
1289 789 1363 870 ἑνὸς

188 902 282 965 ὁτῶν
302 895 522 984 ἡγησαμένων
541 900 598 983 της
617 900 665 976 είς
678 892 878 981 Ἡράκλειαν
897 899 932 964 ἐκ
947 900 1069 983 Θηβῶν
1088 895 1254 983 ἀποικίας,
1274 896 1361 967 Πλό·

211 1029 321 1082 τωνος
347 1001 524 1091 γνώριμος.
574 1002 822 1090 ἐκδημήσαντος
845 1002 882 1071 δὲ
909 1003 1094 1084 Πλάτωνος
1127 1009 1174 1085 είς
1201 1010 1362 1073 Σικελίαν

213 1109 414 1196 προεστάναι
446 1114 505 1197 τῆς
537 1115 658 1198 σχολῆς
689 1116 891 1197 κατελείφθη
923 1107 981 1178 ὑπ’
1017 1107 1131 1180 αὐτοῦ.
1181 1102 1283 1192 οὗτος
1308 1110 1362 1179 καὶ

212 1215 381 1301 δράκοντα
418 1221 541 1304 ἔθρεψε
581 1216 636 1283 καὶ
674 1214 839 1304 ἡμέρωσε,
876 1215 931 1282 καὶ
969 1213 1036 1303 εἶχε
1074 1215 1363 1304 συνδιαιτώμενον

212 1322 302 1416 αύτῷ
321 1323 376 1391 καὶ
396 1321 684 1410 συγκαθεύδοντα,
704 1319 741 1403 δς
758 1323 813 1390 καί
833 1320 936 1409 μόνος
955 1323 1008 1391 ἐπὶ
1026 1327 1085 1411 τῆς
1104 1329 1222 1411 κλίνης
1238 1321 1362 1412 εῦρίθη

174 1451 199 1490 10
212 1434 273 1498 τοῦ
292 1428 511 1519 Ἡρακλείδου
538 1431 796 1509 κατακλιθέντος
824 1430 885 1516 μέν
914 1427 1049 1516 ὑγιοῦς,
1079 1427 1141 1518 οὐχ
1164 1427 1364 1517 εὑρεθέντος

213 1539 258 1606 δέ.
309 1538 365 1606 καὶ
394 1537 491 1606 όίλλοι
519 1538 580 1624 μέν
614 1535 718 1605 αῦτὸν
750 1534 1026 1623 ἆτηθανατίσθαι
1060 1536 1237 1625 ἐνόμισαν,
1266 1535 1361 1606 ἄλλοι

212 1642 249 1711 δὲ
277 1646 314 1712 έν
342 1645 459 1733 φρέατι
484 1641 865 1731 αὑτὸνίμβεβληκέναι,
894 1640 938 1723 ὡς
962 1640 1004 1712 ῦν
1028 1642 1109 1732 δόξη
1133 1658 1203 1725 τοῖς
1226 1643 1361 1732 ἀνθρύ-

212 1775 288 1831 ττοις
311 1748 596 1839 ἆιιηθανατίσθαι.
643 1754 765 1835 ἔγραψε
788 1748 903 1817 κολλό.

300 1858 450 1926 OOOXX.
483 1853 741 1946 Ἡρακλείδης
761 1851 992 1943 Ὀξυρυγχίτης
1019 1855 1223 1944 φιλόσοφος,
1254 1854 1273 1927 ὁ
1302 1861 1363 1926 τοῦ

174 1984 197 2023 1⁵
212 1970 450 2051 Σαραπίωνος,
479 1959 516 2044 ὃς
539 1961 705 2048 ἐπεκλήθη
730 1963 878 2048 Λέμβος,
901 1961 1049 2048 γεγονός
1071 1962 1124 2030 ἐστὶ
1148 1969 1363 2051 Πτολεμαίου

211 2074 271 2139 τοῦ
299 2073 410 2156 ἕκτον,
439 2067 475 2150 δς
502 2069 561 2150 τὰς
587 2067 670 2158 ττρὸς
690 2067 861 2156 Ἀντίοχον
886 2074 982 2137 ἔθετο
1007 2068 1191 2158 συνθήκας.
1239 2076 1361 2161 ἔγραψε

212 2174 385 2263 φιλόσοφα
407 2178 462 2245 καὶ
488 2175 576 2245 ῦλλα.

302 2284 470 2353 CCCXXI.
503 2281 759 2371 Ἡρακλείδης
781 2282 965 2369 Ποντικός,
995 2282 1060 2352 ἀπὸ
1081 2281 1280 2373 Ἡρακλείας
1306 2290 1362 2374 τῆς

212 2380 365 2466 Πόντον,
404 2380 643 2470 γραμματικός,
682 2377 773 2459 ὅστις
806 2379 949 2470 Διδύμφ
983 2385 1029 2473 τῷ
1061 2380 1152 2450 πάνυ
1184 2383 1271 2451 κατὰ
1302 2384 1361 2473 τὴν

181 2503 206 2540 20
220 2475 464 2568 Ἀλεξανδρέων
491 2482 675 2567 ἐφοίτησεν.
721 2468 818 2555 οὗτος
845 2475 957 2564 έττειδή
980 2475 1282 2570 ήκουσενἍκερος
1303 2486 1361 2552 τοῦ

208 2571 424 2667 Ἀριστάρχου
454 2581 607 2667 μαθητοῦ
633 2574 892 2663 εὐδοκιμοῦντος
914 2574 995 2644 κατὰ
1019 2575 1080 2664 τήν
1100 2573 1232 2667 Ῥόμην
1256 2580 1359 2649 πολλοί

210 2702 245 2743 τε
272 2674 331 2744 τὸν
357 2681 513 2765 Δίδυμον
537 2674 773 2762 διασύροντος,
802 2678 924 2761 ἔγραψε
952 2675 1059 2767 μέτρφ
1084 2681 1255 2769 Σακφικῷ
1283 2676 1359 2769 ἤτοι

214 2783 400 2869 Φαλαικείφ
429 2780 543 2863 βιβλία
565 2774 599 2861 γ’
625 2771 876 2861 δυσερμήνευτα
898 2772 955 2840 καὶ
976 2771 1105 2860 πολλὴν
1128 2773 1191 2863 τήν
1213 2772 1357 2867 ἀπορίαν

284 2943 297 2989 1
319 2934 467 3007 Θωρύκιον
485 2937 557 3006 ταῖς.
579 2935 733 3004 Θωρυκίων
753 2949 820 2987 corr.
837 2933 959 2988 Μιίτιτλσ
977 2934 1039 2989 coll.
1060 2933 1203 3005 Aristoph.
1220 2937 1293 2993 Ran.
1307 2943 1356 2994 365

203 3018 240 3070 ot
258 3021 323 3084 383,
351 3016 426 3070 idom
453 3017 498 3072 vol
522 3016 649 3085 Θορίκιον
676 3013 822 3084 proposuit
850 3016 877 3081 (a
904 3029 977 3082 pago
1000 3013 1095 3069 Attico
1124 3018 1267 3088 vocatum)
1294 3017 1357 3074 ooll.

211 3093 348 3165 Elmsley.
368 3096 404 3150 ad
423 3095 507 3151 Arist.
527 3096 646 3148 Acharn.
668 3100 717 3148 177

283 3175 413 3230 CCCXIX
431 3176 512 3247 Diog.
523 3177 557 3245 V,
569 3181 602 3229 86
613 3191 669 3243 seq.
734 3180 749 3227 3
770 3168 964 3245 Εὐθύφρονος
981 3175 1130 3245 Βίογικως
1151 3175 1256 3231 Suidae
1275 3178 1356 3233 lectio

211 3256 375 3325 compendio
396 3257 458 3311 orto
526 3260 543 3308 4
561 3255 611 3323 τῆς
633 3249 746 3308 Πόντου
765 3258 868 3306 Am
886 3255 935 3323 τῆς
955 3251 986 3310 έν
1001 3251 1102 3328 Πόντῳ
1122 3272 1189 3326 φατι
1207 3257 1289 3313 codd.

212 3343 225 3390 7
245 3338 331 3392 verba
350 3327 432 3399 οὗτος
451 3368 484 3376 -
505 3332 674 3404 εὑρεθέντος
692 3332 724 3389 δὲ
743 3335 862 3390 fortasse
881 3333 994 3389 lectoris
1013 3351 1099 3389 manu
1117 3354 1152 3391 ox
1170 3335 1254 3407 Diog.
1273 3337 1306 3407 V,
1324 3344 1356 3395 89

210 3416 352 3485 adscripto
406 3413 529 3486 θρόνον
547 3420 571 3467 V
627 3420 659 3469 10
678 3413 907 3484 κατακληθέντος
921 3419 976 3466 Au
994 3431 1062 3469 oorr.
1077 3416 1180 3471 Portus
1243 3424 1275 3472 11
1289 3414 1357 3487 ἀκη-

208 3498 403 3551 θανατεῖσθαι
418 3499 442 3550 Α
461 3491 771 3564 οἰκηθανατίσασθαιΕ
791 3489 1045 3564 οἷκηθανατείσθαι
1059 3489 1183 3551 αῦτδνῖ
1241 3504 1275 3552 12
1293 3493 1355 3553 δαν·

210 3572 261 3630 τὸν
279 3581 302 3628 A
375 3582 407 3630 13
428 3573 534 3644 ἔγραψε
554 3572 641 3630 πολλά
661 3592 714 3630 om.
734 3581 757 3628 A

282 3654 398 3710 GCCXX
418 3655 458 3710 cf.
469 3655 571 3711 Miiller
580 3656 619 3710 ΙΙΙ
633 3674 659 3725 p.
673 3662 731 3723 167,
747 3654 832 3723 Diels,
843 3656 912 3709 Dox.
923 3673 950 3724 p.
962 3661 1013 3710 148
1023 3658 1081 3711 not.
1091 3661 1117 3711 θ.
1140 3657 1223 3726 Apud
1232 3657 1315 3729 Diog.
1325 3656 1357 3727 V,

210 3740 244 3789 94
258 3735 371 3804 quintus
387 3737 430 3790 est
479 3742 512 3789 14
522 3731 553 3790 Ὁ
568 3732 761 3806 ε’ξνρνχίτηςν
818 3742 850 3789 15
867 3735 906 3791 Cf.
918 3735 997 3790 Phot.
1013 3735 1081 3791 bibl&
1096 3753 1124 3805 p.
1142 3742 1190 3792 171
1203 3753 1229 3795 a,
1266 3738 1355 3795 Ptolo

209 3832 320 3869 mooun]
333 3815 552 3871 Philomehorem
567 3834 626 3871 esso
641 3817 750 3871 monuit
759 3818 897 3871 Καοίοναο
953 3822 985 3870 16
1001 3813 1086 3871 ἔθετο
1095 3822 1147 3872 Av
1163 3817 1272 3889 ἔγραφε
1285 3823 1356 3892 vulp.

281 3895 412 3951 CCCXXI
432 3897 566 3951 Τιαοίαοί
582 3897 724 3963 Meineke,
744 3898 824 3952 Anal.
844 3915 870 3966 p.
892 3903 952 3966 377,
971 3897 1065 3966 Daub,
1086 3897 1166 3954 Stud.
1184 3917 1212 3969 p.
1227 3907 1262 3957 91
1277 3918 1333 3971 ευρ.

211 3980 242 4029 18
261 3976 311 4044 τῆς
329 3980 351 4026 V
370 3976 421 4029 τοῦ
440 3975 490 4029 rel.
546 3983 579 4030 20
596 3971 797 4045 Ἀλεξανδρέων
811 3982 885 4030 ABE
900 3972 1111 4044 Ἀλεξανδρείου
1125 3980 1265 4037 Καείττιιι
1303 3976 1355 4036 &¹ae-
1384 4024 1387 4029 .

209 4075 278 4124 ερως
295 4061 370 4108 ABE
390 4051 463 4125 ῦκερ
477 4051 550 4119 &ev
569 4074 671 4111 nomon
690 4059 849 4125 suspectum
863 4058 1061 4128 Βωκλιατόγο,
1071 4053 1240 4130 ’Ἀντέρωτος
1257 4078 1357 4132 propo·

209 4137 264 4190 suit
283 4137 419 4193 Westerm.
440 4136 503 4192 coll.
518 4156 544 4192 v.
561 4132 701 4206 Ἀντέρως,
716 4132 846 4207 Ἅσκερος
859 4138 962 4207 Bomio,
977 4134 1089 4207 ’Ἆπερος
1107 4141 1203 4196 tuetur
1217 4142 1356 4209 Μαίναλος

208 4214 362 4272 Aristarchi
381 4234 491 4287 quoque
510 4235 611 4273 nomen
630 4220 792 4274 mendosum
817 4235 877 4272 esse
895 4217 1055 4287 probabile,
1080 4214 1283 4290 Ἀρισταρχείου
1302 4237 1356 4277 om.

209 4300 278 4362 μαθ.
294 4297 466 4362 Θαίεαλιιαίιίς
486 4315 523 4352 an
539 4293 685 4361 Ἀκίωνοςθ
741 4305 774 4353 21
794 4294 914 4359 πολλοῦς
928 4329 959 4337 -
971 4296 1160 4370 διασύροντας
1172 4305 1222 4354 An
1240 4296 1309 4363 τοῦς
1322 4304 1356 4355 Δ.

210 4369 394 4441 διασύροντας
412 4381 460 4428 BV
484 4377 557 4430 unde
581 4374 699 4439 πολλούς
719 4398 748 4432 τε
769 4374 869 4440 ἄλλους
888 4379 937 4432 καὶ
955 4398 978 4432 τ.
999 4375 1267 4450 Διδ.;διοισύροντοσ
1283 4380 1356 4437 coni.

209 4452 373 4523 Bernhardy
445 4461 479 4509 23
501 4460 642 4528 φαλαικίῳ
661 4462 684 4509 A
