2880 5054
532 369 535 374 -
612 333 823 388 HESYCHIUS.
1225 335 1288 398 145

231 494 299 558 DL.
339 497 377 557 N
383 490 563 577 εόφρων
590 488 611 576 ἢ
639 496 809 578 Νεοφοῖν
836 493 1025 591 Σικυώνιος
1051 493 1220 581 τραγικός,
1247 485 1288 561 οὗ

141 617 247 684 φασιν
270 595 355 665 εἶναι
375 596 437 685 τὴν
454 601 515 665 τοῦ
531 595 721 684 Εὐριπίδου
736 598 901 685 Μήδειαν.
931 596 967 678 δς
985 603 1115 687 πρῶτος
1133 600 1287 687 εἰσήγαγε

140 703 377 791 παιδαγωγοὺς
407 706 463 771 καὶ
498 709 637 773 οἰκετῶν
669 707 828 791 βάσανον.
876 709 1006 788 ἐδίδαξε
1037 707 1073 775 δὲ
1101 712 1288 799 τραγῳδίας

141 812 205 897 ρκ’.
248 816 358 898 συνῆν
383 813 419 880 δέ
442 810 482 879 τά
501 812 580 899 μετά
600 815 703 879 ταῦτα
723 809 927 906 Ἀλεξάνδρφ
951 818 996 905 τῷ
1018 814 1209 900 Μακεδόνι,
1232 814 1288 883 καὶ

141 920 230 988 διότι
262 926 359 1006 φίλος
386 911 429 1005 ἦν
454 919 677 987 Καλλισθένει
704 922 749 1011 τῷ
778 920 971 1013 φιλοσόφῳ,
1000 919 1065 988 σὺν
1089 923 1204 1012 έκείνφ
1231 906 1314 989 καὶψ

140 1025 247 1094 αὐτὸν
271 1026 403 1095 ἀνεῖλεν
427 1031 599 1114 αἰκισμοῖς.

231 1137 314 1203 DLI.
356 1136 542 1220 Νέστωρ
571 1132 767 1223 Λαρανδεδς
800 1137 835 1202 ἐκ
863 1141 1004 1220 Λυκίας,
1033 1134 1203 1220 ἐποποιός,
1226 1160 1287 1203 πα·

139 1241 202 1327 τὴρ
232 1240 449 1328 Πεισάνδρου
486 1246 547 1310 τοῦ
582 1246 738 1328 ποιητοῦ,
774 1240 920 1328 γεγονὼς
953 1243 1005 1309 έπί
1038 1242 1195 1329 Σεβήρου
1226 1246 1287 1310 τοῦ

140 1351 313 1433 βασιλέως.
348 1347 474 1416 Ἰλιάδα
494 1348 784 1435 λειπογράμματον
802 1347 876 1435 ἤτοι
895 1347 1129 1436 άστοιχείωιον
1149 1347 1288 1439 (δμοίως

141 1455 178 1522 δὲ
207 1453 296 1546 αὐτῷ
326 1453 343 1523 ὁ
372 1455 614 1543 Τρυφιόδιορος
642 1461 786 1541 ἔγραψεν
813 1453 1019 1528 Ὀδύσσειαν·
1054 1462 1121 1524 ἔστι
1154 1454 1218 1544 γάρ
1250 1459 1287 1524 ἐν
1302 1477 1326 1516 10

138 1566 179 1651 τῇ
208 1564 322 1651 πρώτη
351 1562 395 1650 μὴ
420 1561 635 1650 εὑρίσκεσθαι
660 1561 705 1647 α’,
733 1562 893 1629 καὶκατὰ
919 1565 1096 1654 ῥαψῳδίαν
1120 1560 1227 1641 οὕτως
1248 1561 1286 1630 τὸ

140 1668 280 1756 ἑκάστης
308 1670 500 1756 έκλιμπάνει
535 1672 731 1759 στοιχεῖον),
767 1669 1056 1756 μεταμορφώσεις,
1088 1667 1200 1756 ὥσπερ
1230 1669 1286 1736 καὶ

142 1778 338 1863 Παρθένιος
362 1774 379 1844 ὁ
405 1779 567 1861 Νικαεύς,
591 1776 645 1843 καὶ
669 1774 762 1844 άλλα.

229 1885 328 1950 DLII.
366 1882 591 1970 Νικαγόρας
610 1888 792 1969 Μνησαίου
811 1880 965 1973 ῥήτορος,
987 1881 1167 1971 Ἀθηναίος
1191 1905 1287 1970 σοφι-

139 1990 227 2078 στής.
273 1993 390 2077 γέγονε
419 1989 456 2058 δέ
480 1988 564 2057 κατὰ
590 1995 758 2057 Φίλιππον
781 1987 841 2058 τόν
864 1995 1029 2078 Καίσαρα.
1075 1995 1170 2076 βίους
1193 1993 1324 2058 cito-1⁵

139 2104 266 2185 γίμων,
290 2098 366 2184 περὶ
390 2094 606 2181 Κλεοπάτρας
624 2099 683 2182 τῆς
706 2098 743 2164 έν
769 2096 918 2183 Τρωάδι,
941 2096 1180 2185 πρεσβευτικὸν
1203 2096 1286 2185 πρὸς

142 2211 311 2271 Φίλιππον
335 2203 396 2272 τόν
415 2201 587 2291 Ῥωμαίων
610 2204 758 2288 βασιλέα.

227 2314 348 2380 DLIII.
383 2315 614 2395 Νίκανδρος
635 2309 854 2396 Ξενοφάνους
877 2311 1114 2400 Κολοφώνιος,
1143 2309 1226 2381 κατά
1249 2313 1289 2379 δέ

136 2437 232 2490 τινας
255 2409 421 2496 Αἰτωλός,
447 2407 515 2496 ἅμα
537 2407 763 2495 γραμματικός
785 2434 820 2476 τε
842 2410 897 2477 καὶ
923 2409 1060 2497 ποιητὴς
1082 2409 1137 2476 καὶ
1162 2407 1285 2494 ίαιρός,

136 2517 286 2604 γεγονὼς
299 2516 382 2585 κατὰ
391 2515 451 2584 τὸν
461 2513 719 2599 νέον”Ατταλον,
731 2513 839 2601 ἤγουν
848 2514 908 2583 τὸν
917 2524 1118 2601 τελευταίου,
1129 2514 1214 2601 <οὐ>
1224 2514 1285 2584 τὸν
1299 2531 1326 2571 2⁰

136 2630 380 2711 Γαλαιονίκην,
400 2619 442 2691 δν
456 2621 612 2708 Ῥωμαῖοι
632 2622 826 2688 κατέλυσαν.
855 2627 977 2710 ἔγραψε
992 2621 1153 2712 Θηριακά,
1169 2621 1284 2704 Ἀλεξι-

136 2731 315 2820 φάρμακα,
343 2728 529 2818 Γεωργικά,
547 2726 831 2815 Ἑτεροιουμένων
859 2735 971 2815 βιβλία
995 2733 1033 2816 ε’,
1061 2729 1184 2798 ίάσεων
1209 2750 1285 2798 συν-

136 2837 291 2926 αγωγήν,
322 2833 554 2926 προγνωστικά
587 2832 632 2902 δι’
661 2836 750 2902 ἐπάν
778 2835 1059 2925 (μεταπέφρασιαι
1087 2836 1125 2904 δὲ
1152 2838 1189 2904 ἐκ
1216 2839 1284 2908 τῶν,
1366 2914 1376 2925 ,

206 3034 256 3088 DL
275 3033 352 3090 Ευδ.
371 3052 399 3104 p.
413 3038 474 3088 512.
508 3031 547 3087 Cf.
561 3029 706 3094 Welcker,
725 3031 834 3087 Griech.
855 3032 939 3102 Trcg.
959 3051 987 3102 p.
1002 3039 1063 3102 936,
1082 3031 1195 3099 Nauck,
1213 3032 1283 3102 frog.

132 3116 207 3185 trag.
222 3133 250 3184 p.
267 3120 320 3169 565
382 3119 396 3167 1
416 3109 559 3181 Νεόφρων
578 3105 595 3180 ἢ
615 3128 668 3165 om.
688 3111 764 3166 Ecd.
784 3112 856 3167 forte
876 3113 1065 3182 expungenda.
1079 3114 1144 3167 sunt
1198 3118 1213 3165 2
1233 3111 1283 3164 τοῦ

134 3197 200 3249 ante
220 3189 290 3262 Εὖρ.
310 3195 340 3248 et
358 3192 431 3247 infre
449 3189 481 3246 δὲ
502 3208 556 3245 om.
573 3189 649 3244 Ενιλ.
704 3192 838 3259 πρῶταΔ
892 3189 1104 3247 4τάοδά.Δν
1159 3191 1285 3259 tdupra

132 3293 159 3330 v.
175 3272 372 3341 Καλλισθένης
390 3272 535 3327 Nearchus
553 3271 609 3339 est,
629 3269 704 3337 quod
723 3271 836 3325 correxi.
870 3271 914 3324 An
933 3265 964 3333 δς
983 3268 1073 3326 driu?

207 3352 272 3407 DLI
290 3353 366 3409 Eud.
382 3371 410 3423 p.
426 3358 486 3407 512.
514 3349 555 3405 Cf.
570 3349 701 3415 Diintner,
719 3349 770 3417 Ep.
786 3349 819 3405 fr.
834 3349 860 3401 II
874 3370 900 3420 p.
917 3356 980 3419 1053
999 3351 1105 3420 Rohde,
1120 3349 1166 3406 Gr.
1176 3351 1285 3404 Roman

131 3452 159 3503 p.
178 3439 232 3486 130
246 3433 330 3488 noti
386 3438 401 3487 ‘1
422 3429 581 3492 Λυκαονίας
599 3427 710 3496 flagitat
726 3428 811 3483 Doub
831 3429 893 3484 coll.
910 3430 1005 3499 Steph.
1019 3430 1085 3498 Byr.
1105 3449 1130 3484 v.
1147 3426 1284 3499 Λάρανδα

132 3520 148 3568 9
164 3508 275 3568 Ἰλιάδα
293 3508 407 3582 γράψας
425 3513 496 3582 vulp.
512 3509 587 3565 Euo.
607 3503 721 3576 γράψας
735 3525 789 3564 om.
803 3514 854 3562 hv
873 3509 946 3564 infra
965 3509 1071 3581 ἔγραψε
1092 3508 1123 3565 δὲ
1144 3514 1210 3565 ante
1224 3529 1283 3581 μετ.

131 3594 198 3649 add.
217 3593 291 3663 υκλγ.
310 3609 364 3648 om.
379 3597 456 3645 ΗΕ
476 3589 600 3661 ἔγραψεν
618 3583 727 3642 Ἰλιάδα
743 3621 776 3632 -
793 3585 957 3645 Ὀδύσσειαν
977 3591 1142 3660 compilavit
1161 3591 1283 3645 Pseudo-

130 3673 254 3743 Hesper.
273 3689 296 3727 c.
310 3677 346 3726 48
417 3678 449 3727 10
468 3667 484 3725 ὁ
506 3675 596 3741 Τρυφ.
615 3674 665 3722 Η
683 3667 767 3725 καὶὸ
789 3675 880 3740 Τρυφ.
901 3670 975 3725 Eoo.
994 3671 1067 3740 ναῖς.
1137 3676 1170 3727 12
1190 3666 1283 3740 ἐκλιμ-

129 3748 239 3808 πάνειν
258 3768 323 3822 pars
342 3752 404 3808 libr.
424 3754 454 3808 et
470 3751 547 3807 Eud.

206 3833 284 3887 DLII
297 3832 374 3888 Eud.
388 3851 415 3903 p.
426 3838 479 3887 510
535 3836 568 3884 15
583 3829 622 3884 sic
634 3834 684 3882 hv
700 3827 807 3899 ἔγραψε
822 3831 886 3887 add.
896 3833 968 3902 νκλη.
979 3832 1054 3887 Eud.
1107 3837 1140 3886 16
1154 3832 1189 3885 de
1204 3830 1282 3885 Cleo-

128 3912 260 3984 patridc,
278 3912 403 3984 Aegypti
424 3912 528 3983 oppido
546 3925 633 3980 prope
652 3909 781 3964 Troicum
795 3914 928 3979 montem,
947 3910 995 3982 egi
1012 3913 1109 3967 monet
1122 3910 1283 3964 Gutschmr'd

128 4011 205 4061 πρεσ
243 3989 366 4048 τικόνΔ
878 4044 881 4052 ,

205 3995 296 4126 βΙλλιΙΠ
314 4072 429 4142 Eud-p.
440 4077 492 4127 609
506 4070 632 4127 hocloco
643 4073 804 4141 excerptum
814 4071 889 4125 vitoe
899 4068 1035 4125 Nicandri
1045 4068 1120 4139 apud
1130 4067 1282 4122 Schneider

129 4153 216 4208 Ther.
226 4170 255 4222 p.
267 4159 283 4206 3
293 4152 341 4223 (W
342 4155 454 4210 estem
462 4170 490 4222 p.
502 4153 547 4221 61)
559 4151 663 4206 habere
672 4151 730 4223 dixi
739 4152 848 4205 Unters.
864 4168 891 4220 p.
896 4156 939 4206 49.
956 4151 1071 4204 Tractat
1080 4148 1170 4216 Daub,
1180 4147 1281 4201 Anncl.

129 4233 202 4303 phil.
215 4239 283 4288 1881
295 4251 322 4303 p.
333 4237 386 4288 250
396 4250 452 4302 seq.
507 4239 542 4288 20
557 4250 619 4287 cum
629 4230 741 4284 Attalus
752 4229 764 4283 Ι
774 4235 803 4285 et
812 4229 851 4284 ΙΙΙ
866 4231 972 4286 confusi
986 4230 1049 4297 sint,
1065 4243 1187 4283 errorem
1200 4230 1280 4282 nota·

128 4313 176 4369 vit
189 4313 345 4369 Schneider
358 4332 385 4384 p.
395 4312 473 4380 XIII3
488 4307 522 4368 ori
537 4308 588 4367 τὸν
605 4315 706 4366 Γαλατ.
721 4310 820 4380 scripsi
837 4328 901 4365 cum
913 4310 943 4364 0.
954 4308 1107 4364 Schneider.
1122 4306 1281 4361 Nicandree

127 4406 159 4461 p.
168 4397 201 4460 ὃς
216 4393 253 4449 de
266 4394 366 4450 tabule
378 4393 531 4448 carminum
545 4392 580 4447 cf.
596 4391 760 4459 Schneider,
779 4389 889 4446 Gallim.
901 4391 927 4444 11
940 4408 967 4460 p.
984 4395 1031 4456 32,
1045 4388 1139 4456 Daub,
1153 4387 1188 4442 de
1204 4387 1280 4443 Suid.

128 4487 159 4540 p.
170 4478 225 4527 414
272 4478 307 4527 22
321 4466 558 4542 έταιροιουμένων
568 4477 599 4541 Δ,
615 4466 850 4542 ἕιαιρειουμένων
859 4475 913 4522 ΕΜ
926 4473 985 4524 Ale.
1001 4464 1210 4538 ἕταιρουμένων
1219 4473 1280 4524 Bu.

185 4573 341 4624 Hrrrorrror,
354 4570 390 4613 ed.
403 4571 481 4612 Bloch
1034 4563 1067 4612 10
