2910 5056
179 281 198 343 8
642 279 856 334 HESYCHIUS.

269 444 352 510 XXI.
381 439 532 529 ’Ἀκρων
558 439 813 527 Ἀκραγαντῖνος
832 439 959 528 ἰατρός,
979 440 1052 520 υίὸς
1064 441 1234 526 Ξένωνος,
1254 442 1322 508 ἐσο-

179 554 356 636 φίστευσεν
380 550 417 616 ἐν
440 563 512 627 ταῖς
532 545 690 634 Ἀθήναις
708 549 774 633 ἅμα
795 543 1022 635 Ἐμπεδοκλεῖ·
1046 553 1136 616 ἔστιν
1160 538 1224 615 οὖν
1248 570 1322 634 πρε-

179 654 339 741 σβύτερος
363 652 609 741 Ἱπποκράτους.
654 658 777 743 ἔγραψε
806 655 881 740 περὶ
912 658 1061 742 ἰατρικῆς
1091 657 1224 740 Δωρίδι
1256 657 1323 721 δια-

180 765 296 854 λέκτῳ,
324 762 399 847 περὶ
425 763 553 847 τροφῆς
580 757 739 845 ὑγιεινῶν
763 765 894 846 βιβλίον
913 759 953 828 α’.
996 765 1063 828 ἔστι
1087 759 1123 828 δὲ
1147 761 1203 828 καὶ
1228 751 1324 840 οὗτος

153 873 247 939 ιτῶυ
275 895 351 937 τινα
376 867 548 953 πνεύματα
576 868 863 953 σημειωσαμένωυ.
918 872 979 951 [είς
1011 870 1132 936 τούτου
1170 870 1325 954 ἐποίησεν

178 975 398 1064 Ἐμπεδοκλῆς
425 970 635 1041 τωθαστικδν
666 974 853 1060 ἐπίγραμμα
878 971 1012 1059 “ύκρον
1043 972 1159 1060 ίατρδν
1180 973 1322 1061 ”Ακρων’

177 1082 449 1170 Ἀκραγαντῖνον,
472 1080 596 1166 πατρὸς
619 1079 736 1164 ἄκρου,
760 1078 895 1165 κρύπτει
917 1079 1065 1169 κρημνὸς
1088 1078 1191 1165 ἄκρος
1213 1087 1326 1165 πατρί-

182 1194 240 1271 δος
261 1184 476 1277 ύκροτύτης”.
520 1184 608 1264 τινὲς
631 1185 669 1252 δὲ
691 1183 752 1253 τδν
776 1184 934 1271 δεύτερον
958 1192 1072 1274 στίχον
1091 1186 1178 1255 οὕτω
1203 1190 1326 1275 προφέ-

182 1324 298 1385 ρονται
319 1291 527 1381 “οἰκροτοίτης
555 1296 707 1379 κορυφῆς
734 1292 859 1380 τύμβος
888 1290 990 1379 ἄκρος
1019 1292 1182 1381 κατίχει”.
1230 1293 1328 1363 τοῦτό

146 1427 170 1466 ιο
184 1431 272 1483 τινες
295 1404 492 1489 Σιμωνίδου
516 1400 621 1487 φασὶν
645 1397 753 1481 εἶναι]

270 1512 374 1576 XXII.
422 1505 582 1585 Ἀκύλας
613 1505 814 1593 φιλόσοφος,
851 1505 968 1594 σχόλια
1004 1505 1122 1595 λογικὰ
1154 1507 1332 1597 γεγραφῶς

183 1616 258 1702 περὶ
282 1617 524 1701 συλλογισμῶν.

271 1723 390 1788 ΧΧΙΙΙ.
425 1719 652 1799 Ἀκύλας...
671 1719 895 1808 γραμματικὸς
916 1723 972 1789 καὶ
996 1720 1197 1808 μουσικός..
1214 1777 1221 1790 .

272 1830 390 1896 XXIV.
429 1826 683 1913 Ἀλέξανδρος
715 1831 870 1913 Αἰγαῖος,
904 1828 1093 1916 φιλόσοφος
1123 1854 1336 1919 περιπατητι-

144 1964 169 2002 15
183 1936 255 2021 κός,
284 1934 484 2014 διδάσκαλος
510 1935 671 2021 Νέρωνος
696 1937 757 2000 τοῦ
785 1936 945 2020 βασιλέως
968 1934 1041 2023 Ιδίμα
1068 1935 1260 2024 Καιρῆμονι
1288 1943 1333 2030 τῷ

182 2043 367 2133 φιλοσόφῳ.
412 2040 490 2109 υίδν
515 2040 552 2108 δὲ
576 2045 648 2127 ἔσχε
667 2046 812 2107 Καίλιον
836 2039 953 2129 ὄνομα.
1000 2034 1113 2129 [οὗτος
1138 2045 1249 2114 ἐκάλει
1273 2046 1334 2114 τὸν

184 2151 328 2239 Νέρωνα
359 2146 466 2234 πηλὸν
502 2151 614 2235 αἵματι
645 2148 870 2235 πεφυρμένον.
922 2154 1034 2217 κακῶν
1071 2155 1253 2238 μαθητῶν,
1291 2150 1337 2232 ῶς

184 2254 291 2343 οἶμαι,
315 2260 467 2333 κακίονες
489 2256 523 2322 οί
544 2255 753 2321 διδάσκαλοι·
779 2253 916 2341 διδακτῆ
936 2254 1000 2344 γὰρ
1019 2254 1136 2345 ιἰρετῆ,
1160 2259 1216 2326 καὶ
1236 2266 1336 2327 κακία

184 2360 333 2447 daupei]
381 2365 448 2428 ἔστι
477 2360 514 2427 δὲ
545 2360 600 2427 καὶ
633 2362 743 2446 ἕτερος
771 2359 1029 2446 Ἀλέξανδρος
1057 2361 1339 2451 Ἀφροδισιεύς

144 2466 387 2556 ιοφιλύσοφος,
415 2469 470 2535 καλ
503 2466 603 2545 ἄλλος
632 2464 649 2534 ὁ
678 2474 915 2555 Νουμηνίου
943 2469 1119 2557 σοφιστῆς,
1150 2472 1207 2539 καὶ
1236 2471 1339 2554 ἄλλος

186 2573 388 2654 Κλαύδιος
414 2579 616 2662 χρηματίσας
639 2574 814 2662 σοφιστῆς,
841 2576 896 2642 καὶ
925 2577 1034 2662 ἕτερος
1057 2575 1074 2644 ὁ
1099 2584 1340 2660 Κασίλωνος

186 2680 360 2769 σοφιστῆς,
384 2680 530 2767 ἀδελφὸς
553 2679 721 2766 Εύσεβίου
743 2685 804 2750 τοῦ
823 2687 1001 2769 σοφιστοῦ,
1024 2683 1177 2771 μαθητὴς
1200 2686 1238 2754 δὲ
1255 2685 1340 2756 Ἰου-

185 2791 322 2873 λιανού,
360 2786 552 2875 καὶῖύλλος
586 2785 840 2875 Ἀλέξανδρος
878 2786 1097 2876 Ἀλεξάνδρου
1140 2796 1340 2882 δικηγόρου,

186 2896 283 2974 Κίλιξ
306 2893 506 2979 Σελευκεύς,
530 2893 706 2980 σοφιστῆς,
731 2890 768 2972 ὃς
790 2896 955 2982 ἐπεκλήθη
979 2897 1219 2982 Πηλοπλύτων.

147 3029 173 3068 25
275 3002 376 3068 XXV.
420 2998 677 3087 Ἀλέξανδρος
708 2999 857 3081 Αἰτωλὸς
896 3005 930 3069 ἐκ
963 3002 1089 3083 πόλεως
1121 3012 1342 3096 Πλευρῶνος,

257 3233 319 3286 XXI
340 3233 414 3286 Eud.
434 3250 461 3300 p.
481 3237 523 3286 83.
552 3230 591 3285 ef.
612 3232 692 3302 Diog.
709 3232 785 3300 VIII,
801 3238 834 3286 65
868 3261 873 3269 ·
898 3240 910 3286 1
932 3230 1132 3302 ἕσοφίστενσεν
1152 3240 1181 3291 ολ
1200 3246 1264 3302 ταῖς
1286 3260 1342 3296 orn.

187 3315 262 3368 Κιαλ.
350 3318 365 3366 5
390 3310 430 3373 είς
449 3344 482 3351 -
501 3314 565 3368 ecit.
589 3313 703 3367 Suidcm
727 3313 886 3382 cDicgene
911 3314 1023 3368 Laertio
1047 3316 1231 3386 descripsisse
1255 3321 1342 3376 docui

187 3394 266 3447 Πολι.
282 3412 308 3461 p.
325 3399 370 3460 61,
389 3392 459 3446 Mus.
479 3393 566 3446 Rhen.
586 3392 604 3446 I.
624 3410 648 3447 c.
662 3413 690 3462 p.
704 3400 768 3461 2023
788 3395 962 3463 epigramma
981 3396 1128 3465 descripsit
1148 3398 1342 3457 Pseudo—Hes,

189 3490 211 3526 c.
232 3479 264 3526 31

259 3551 336 3604 XXII
354 3552 429 3605 Εκιλ.
448 3570 475 3620 p.
496 3558 537 3606 96.
576 3551 615 3605 cf.
637 3552 757 3620 Teuffel,
776 3554 829 3608 Lit.
850 3555 882 3607 R.
901 3561 916 3618 ξ
935 3561 996 3622 374,
1016 3563 1032 3610 6
1106 3563 1136 3611 11
1159 3555 1269 3629 ἔγραψε
1291 3581 1344 3632 pro

188 3629 336 3702 γεγραφώς
354 3632 428 3686 Eud.
448 3649 484 3685 an
503 3627 599 3701 σχόλια
617 3629 716 3701 λογικά
735 3633 790 3701 (vel
809 3630 906 3702 λογικά
915 3637 940 3703 ·),
960 3635 1024 3704 περὶ
1043 3639 1150 3705 συλλογ.
1168 3655 1224 3694 om.
1240 3660 1344 3711 γεγρα-

189 3707 266 3781 φῶςλ
300 3712 354 3765 Sed
373 3708 543 3782 οί.ν.Ἀβας

259 3792 350 3846 XXIII
374 3791 463 3846 vitam
482 3809 536 3849 om.
560 3792 696 3849 Wcsterm.
735 3794 774 3849 Cf.
794 3794 870 3848 Εκιλ.
890 3813 916 3863 p.
938 3800 989 3849 106
1081 3802 1113 3850 13
1137 3797 1186 3851 καὶ
1207 3801 1345 3867 praebuit

188 3873 264 3928 Καιλ.
284 3890 338 3927 orn.
358 3873 462 3927 δαῖσαι
481 3874 547 3928 libri

259 3953 351 4008 XXIV
378 3954 454 4008 Eud.
482 3973 509 4024 p.
534 3961 580 4022 96,
609 3954 686 4008 cuius
715 3954 850 4008 articulus
878 3958 1045 4010 terminatur
1073 3958 1165 4012 verbis
1194 3979 1217 4013 τ.
1248 3966 1343 4029 φιλοσ.

190 4040 223 4088 16
243 4036 377 4088 Καίλινον
391 4039 426 4103 Δ,
450 4034 525 4102 quod
544 4036 691 4088 Καικίλιον
714 4051 773 4089 esse
797 4038 952 4105 suspicatus
972 4040 1014 4091 est
1036 4038 1202 4109 Bernhardy
1258 4034 1345 4106 οὗτος

189 4131 246 4181 seq.
266 4115 302 4169 ab
320 4112 461 4182 Hesychio
481 4112 574 4168 aliena
592 4130 653 4167 csse
672 4114 809 4170 videniur.
829 4118 906 4171 Idem
925 4117 959 4170 dc
975 4116 1087 4171 Tiberio
1106 4118 1213 4173 dictum
1234 4121 1286 4174 aIii
1306 4125 1344 4177 ad

189 4195 365 4248 Theodorum
385 4194 561 4247 Gadarcnum
580 4193 716 4247 referuni:
741 4196 775 4249 cf.
795 4197 973 4251 Cssaubonus
992 4198 1028 4251 ad
1048 4198 1160 4254 Sueten.
1181 4199 1272 4258 Tiber.
1295 4210 1343 4260 5⁵1.

189 4281 223 4328 23
243 4274 284 4327 De
303 4274 356 4328 hoc
375 4273 534 4327 Alexandro
553 4273 613 4341 egit
631 4272 914 4342 Philostrat.vir.11‚
934 4282 949 4329 5

259 4354 335 4407 XXV
355 4354 429 4407 Eud.
449 4372 476 4422 p.
498 4359 556 4406 106.
590 4352 704 4409 Tractat
721 4356 865 4424 Wclcker,
885 4356 930 4409 Gr.
951 4357 1033 4426 Trag.
1054 4377 1080 4426 p.
1101 4365 1170 4413 1263
1249 4367 1284 4414 25
1308 4359 1343 4417 ἐκ

190 4434 358 4502 Πλευρῶνος
376 4433 452 4488 Eud.
