2880 5054
188 291 251 356 130
647 291 859 346 HESYCHIUS.
1127 232 1153 275 ·

186 458 306 529 σκαλος
329 457 533 537 Πορφυρίον
559 455 620 518 τοῦ
644 450 851 537 φιλοσόφου,
881 448 1082 537 πολυμαθής
1104 451 1160 518 καὶ
1184 450 1329 539 κριτικὸς

183 555 373 643 γενόμενος.
404 548 447 642 ήν
467 555 504 624 δὲ
524 557 576 623 ἐπὶ
595 554 813 643 Αῦρηλιανοῦ
831 560 893 622 τοῦ
912 560 1085 640 Καίσαρος
1102 557 1159 623 καὶ
1179 554 1328 646 ἀνηρέθη

182 659 240 731 ὑπ’
280 661 385 731 αὐτοῦ
422 660 466 741 ὡς
506 662 679 748 σύμπνους
712 669 861 753 Ζηνοβίρι
892 667 932 751 τῇ
963 660 1155 749 Ὀῦηνάθον
1187 671 1328 750 γυναικί

185 774 307 855 ἔγραφε
326 770 401 854 περὶ
420 772 481 836 τοῦ
499 765 581 835 κατά
604 772 754 851 Φειδίου,
778 765 977 856 ἀπορήματα
991 765 1162 856 Ὁμηρικά,
1188 776 1219 839 εί
1236 770 1328 858 φιλό-

155 895 290 962 ισοφος
308 874 469 964 Ὅμηρος,
497 874 713 962 προβλήματα
732 873 879 962 Ὁμήρου
904 877 961 943 καὶ
988 875 1101 955 λύσεις
1127 878 1164 946 έν
1189 884 1329 966 βιβλίοις

182 982 228 1068 β’,
251 987 327 1049 τίνα
351 980 439 1068 παρά
461 978 520 1060 τάς
548 984 695 1070 ἱστορίας
719 985 764 1047 οί·
780 981 1002 1069 γραμματικοὶ
1030 979 1076 1061 ὥς
1104 983 1257 1072 ἱστορικὰ
1284 988 1328 1067 ἐξ·

182 1093 359 1176 ηγοῦνται,
383 1089 457 1174 περὶ
480 1092 548 1155 τῶν
570 1084 648 1176 παρ’
665 1085 794 1178 Ὁμήρῳ
815 1086 921 1156 πολλά
947 1094 1188 1176 σημαινονσῦν
1211 1094 1327 1174 λέξεων

184 1194 233 1281 θ’,
260 1192 415 1263 Ἀττικῶν
448 1198 570 1277 λέξεων
603 1193 750 1274 ἐκδόσεις
782 1194 817 1280 β’
849 1195 927 1284 (είσλ
960 1195 997 1262 δὲ
1026 1195 1108 1265 κατά
1138 1201 1327 1288 στοιχεῖον),

183 1303 285 1383 λέξεις
305 1301 502 1389 Ἀντιμάχου
525 1302 581 1370 καὶ
600 1298 828 1388 Ἡρακλέωνος
850 1302 905 1368 καί
929 1299 1012 1369 ἀλλα
1035 1303 1153 1373 πολλά.
1265 1304 1270 1312 ’

144 1432 168 1469 10
275 1410 577 1477 COOOLXXXVII.
610 1405 831 1487 Λολλιανὸς
847 1405 998 1494 Ἐφέσιος
1022 1410 1199 1498 σοφιστής,
1222 1423 1325 1500 μαθη-

182 1514 241 1602 τής
260 1511 385 1584 Ἰσαίου
408 1521 469 1584 τοῦ
491 1514 686 1601 Ἀσσυρίου,
713 1512 861 1601 γεγονός
883 1516 935 1583 ἐπὶ
957 1512 1137 1603 Ἀδριανοῦ
1159 1523 1223 1587 τοῦ
1246 1526 1325 1588 Καί-

183 1640 294 1710 σαρος.
340 1627 462 1710 ἔγραφε
485 1622 601 1691 πολλά.
1275 1662 1296 1699 ο

272 1729 590 1797 OOOOLXXXVIII.
615 1726 841 1807 Λουκιανὸς
856 1728 1084 1816 Σαμοσατεῦς,
1105 1728 1326 1818 ὁέπικληθελς

182 1838 387 1924 Βλάσφημος
418 1832 438 1923 ή
468 1836 656 1922 Λύσφημος
688 1831 723 1921 [ἢ
758 1832 862 1914 άθεος
894 1839 998 1903 εἰπεῖν
1026 1841 1189 1924 μάλλον],
1218 1835 1268 1906 ότι
1290 1840 1324 1907 έν

143 1964 168 2004 15
182 1957 253 2023 τοῖς
281 1943 452 2031 διαλόγοις
479 1940 582 2010 αὐτοῦ
610 1950 723 2026 γελοία
753 1938 866 2025 [εἶναι]
890 1941 1008 2009 καὶτὰ
1032 1943 1108 2030 περὶ
1132 1949 1202 2013 τῦν
1224 1950 1325 2014 θείων

183 2053 340 2139 εἰρημένα
368 2055 596 2139 παρατίθεται.
641 2048 759 2134 γέγονε
788 2047 825 2115 δὲ
849 2049 901 2115 ἐπὶ
924 2053 985 2117 τοῦ
1009 2055 1183 2139 Καίσαρος
1210 2059 1322 2138 Τραϊα-

183 2161 246 2224 νοῦ
270 2157 325 2224 καί
350 2159 508 2225 ἐπέκεινα.
540 2148 584 2242 ήν
608 2154 645 2222 ol
669 2146 767 2234 οῦτος
789 2153 826 2222 τὸ
849 2157 928 2243 πρὶν
952 2155 1133 2244 θικηγόρος
1151 2160 1191 2226 έν
1208 2155 1324 2228 Ἀντιο-

182 2269 254 2354 χείᾳ
272 2269 330 2351 τής
344 2269 484 2352 Συρίας,
505 2261 744 2351 θυσπραγήσας
759 2260 789 2329 θ’
808 2265 845 2332 έν
859 2262 967 2354 τοότφ
983 2265 1035 2332 έπὶ
1049 2263 1087 2333 τὸ
1103 2272 1324 2353 λογογραφεῖν

182 2370 313 2458 ἐτράπη.
359 2373 415 2439 καὶ
441 2373 621 2460 γέγραπται
646 2367 734 2461 αὐτῷ
759 2368 887 2458 άπειρα.
935 2371 1141 2461 [τελευτῆσαι
1165 2372 1204 2441 δέ
1227 2370 1323 2472 αῦτὸν

142 2499 167 2537 20
182 2478 280 2564 λόγος
313 2474 379 2545 ὑπὸ
409 2481 539 2563 κυνιῦν,
572 2472 641 2545 ἐπεὶ
668 2473 750 2544 κατά
783 2481 841 2562 τής
869 2473 1030 2563 ἀληθείας
1059 2478 1252 2567 έλῦττησεν·
1282 2484 1324 2559 είς

109 2611 114 2616 ·
180 2583 246 2674 γάρ
269 2583 330 2653 τὸν
349 2589 560 2673 Περεγρίνου
583 2590 660 2668 βίον
681 2581 887 2651 καθάπτεται
910 2586 970 2652 τοῦ
992 2591 1252 2674 χριστιανισμοῦ
1273 2586 1323 2654 καλ

182 2741 394 2749 ——-...-.-—-.

252 2841 268 2888 3
292 2831 472 2904 Όθομνάθον
492 2841 514 2888 Δ
535 2829 716 2903 Ὀγυμνάθου
735 2836 757 2882 V
783 2826 936 2886 Ὀδυνάτοο
955 2838 1014 2888 Bae.
1041 2828 1225 2905 Ὀδυμνάμον
1244 2838 1324 2889 m

181 2918 240 2970 Alo.
260 2913 336 2970 Eud.
354 2910 515 2982 Ὀδηνάθον
535 2930 604 2969 corr.
624 2913 805 2967 Ruhnkeaius
868 2919 885 2966 4
904 2911 977 2966 κατὰ
996 2916 1103 2985 φυβίον
1122 2919 1227 2968 Am
1245 2933 1323 2969 κατα-

182 2995 297 3061 φειὸίου
311 2996 384 3063 υαῑμ.
393 2994 468 3048 Eud.
479 2996 602 3048 Μειδίου
617 2993 778 3062 Βακγλιαιιι.
794 2993 830 3046 ad
842 2994 969 3062 Longin.‚
984 3011 1066 3061 quem
1082 2994 1183 3049 laudat
1196 2994 1323 3049 Ηινιιίιι·

141 3118 143 3122 .
180 3076 239 3128 λικε.
263 3069 347 3141 λόγου
371 3076 435 3143 post
457 3074 507 3127 τοῦ
532 3074 644 3144 supplet
668 3074 781 3140 Portas,
809 3068 891 3136 ὄντος
914 3073 1070 3129 Ριαιεοκιιε
1092 3075 1159 3144 περὶ
1182 3076 1233 3129 τοῦ
1256 3068 1321 3129 κατὰ

182 3149 268 3222 φῦσιν
283 3154 346 3221 βιόυ
361 3153 496 3218 Schmidt,
516 3153 576 3207 Did.
592 3173 619 3224 p.
630 3159 663 3207 48
678 3155 736 3209 nol.
756 3153 821 3222 περὶ
839 3154 889 3208 τοῦ
895 3153 959 3220 ***,
974 3149 1046 3208 κατά
1062 3156 1232 3224 Πορφυρίον
1245 3153 1322 3209 Βοιώ

181 3240 196 3288 ὅ
211 3235 388 3304 problemata
406 3248 461 3286 non
476 3232 588 3287 diversa
603 3232 687 3288 fuisse
706 3233 810 3288 alibro
825 3230 994 3302 ἀπορήματα
1014 3234 1173 3304 suspicatus
1188 3236 1232 3289 est
1244 3234 1322 3288 Lohr·

181 3316 246 3384 siue,
265 3317 312 3370 Ar.
332 3332 357 3383 p.
373 3318 425 3366 223
486 3307 517 3365 έν
538 3313 653 3385 βιβλίοις
670 3308 699 3366 δ’
720 3312 796 3367 an
861 3320 877 3366 8
896 3312 1005 3367 lexicon
1024 3312 1097 3368 inter
1116 3314 1224 3370 Saldae
1240 3314 1323 3368 fonto

181 3394 326 3449 laudatum
399 3399 414 3447 9
434 3391 563 3455 Κλέωνος
582 3392 741 3462 λιιικγόῖιεκ.
764 3388 836 3447 κατά
852 3387 963 3461 Ἡρακλ.
982 3393 1167 3450 Ηιιιιειινλκε.
1240 3388 1321 3449 πολλὰ

183 3490 236 3529 om.
255 3474 331 3528 Εκολ
807 3484 810 3492 ’

255 3552 495 3607 ceceLxxxvss
516 3552 592 3608 Εια.
611 3572 638 3622 p.
658 3559 710 3607 ιιι
785 3559 816 3606 11
833 3547 953 3608 ἰισαιου
972 3561 995 3608 v
1067 3552 1156 3625 γεγὼς
1174 3559 1224 3608 aa

254 3631 510 3687 CCOOLXXXVIII
528 3633 604 3687 Εαά.
623 3651 650 3702 p.
670 3640 730 3688 462.
760 3632 800 3687 Of.
820 3635 916 3701 Daph,
935 3634 1013 3692 stud.
1032 3655 1060 3706 p.
1081 3642 1114 3691 63
1130 3652 1188 3706 seq.
1262 3628 1322 3689 1Βὸ

183 3709 347 3782 ἐπικληθείς
363 3711 500 3783 --γέγονε
517 3710 548 3767 δὲ
564 3731 618 3767 om.
628 3714 704 3768 an
755 3721 788 3768 14
802 3717 889 3771 verba
902 3707 920 3783 ή
935 3710 1026 3779 άθιος
1040 3715 1134 3771 εἰπεῖν
1147 3714 1253 3787 μᾶλλοῦ
1265 3714 1324 3785 poll

182 3794 266 3860 δυσφ.
286 3794 374 3847 habel
390 3795 461 3865 υκλρ.
482 3795 517 3847 ab
537 3795 635 3848 eodem
654 3794 764 3862 addila,
788 3795 837 3863 qui
855 3814 875 3849 s.
896 3795 941 3850 fin.
962 3797 1047 3851 verba
1068 3796 1212 3864 adiunxit,
1235 3798 1323 3851 om]

182 3874 258 3927 Εαιλ.
278 3874 409 3942 leguntur
428 3874 513 3929 etiam
531 3875 560 3927 in
579 3892 667 3943 marg.
682 3878 718 3943 A,
737 3877 786 3930 ubi
804 3874 917 3931 additur
933 3872 1000 3931 οὐαὶ
1015 3872 1107 3949 αὐτῷ,
1127 3869 1172 3930 ὅτι
1184 3869 1323 3931 ἀσπαστόν

181 3956 264 4010 τοῦτο
284 3951 408 4025 ἡγήσατο
428 3955 477 4010 καὶ
494 3951 565 4009 πολῦ
585 3954 760 4024 παρατρέπει
779 3957 829 4025 τής
848 3952 994 4030 εὐσεβείας
1068 3963 1100 4011 15
1120 3954 1198 4011 εἶναι
1212 3953 1324 4027 expunxi

183 4041 214 4090 16
239 4035 350 4105 λέγεται
374 4033 405 4090 δὲ
430 4033 567 4105 γενέσθαι
588 4036 660 4103 vulp.
686 4032 784 4104 γέγονε
809 4041 859 4089 AV
886 4037 986 4106 γέγονε
1010 4034 1042 4091 δὲ
1065 4042 1086 4089 Β
1188 4039 1323 4105 Καίσαρος

183 4117 328 4183 Τραϊανοῦ
345 4148 378 4174 -,
398 4116 500 4169 falsum
516 4131 575 4168 esse
595 4112 691 4168 docuit
709 4114 817 4182 Rolzcle,
837 4115 908 4170 Mus.
929 4118 1016 4171 Rhen.
1030 4115 1150 4171 XXXIII
1168 4134 1197 4187 p.
1212 4122 1263 4172 174
1271 4132 1321 4183 aeq·

184 4202 214 4249 17
235 4192 395 4265 δημηγόρος
412 4197 484 4264 vulp.
503 4195 579 4250 Εαιλ.
599 4192 748 4264 δικηγόρος
767 4213 801 4250 ex
818 4195 890 4251 Par.
910 4197 1046 4251 Καειιικε
1107 4201 1140 4250 18
1159 4197 1210 4265 τῆς
1223 4196 1324 4263 Συρίας

182 4292 235 4329 om.
255 4277 332 4330 Eud.
419 4271 618 4344 δυσπραγήσας
642 4271 670 4328 θ’
692 4273 722 4330 ἐν
742 4273 831 4346 τούτῳ
853 4280 1014 4346 corruptum
1032 4276 1115 4347 pubal
1132 4276 1232 4343 Βανά,
1254 4272 1323 4344 quod

182 4371 238 4409 non
255 4357 343 4424 probo
400 4362 432 4410 19
452 4355 616 4421 τελευτῆσαι
632 4385 663 4392 -
680 4357 744 4410 exit.
760 4374 813 4413 om.
827 4358 903 4412 Εκιλ
923 4359 1009 4412 verba
1027 4357 1134 4412 futtilia
1151 4355 1215 4411 ada
1229 4354 1323 4409 διήθει

181 4435 227 4488 vel
245 4435 333 4490 lector
405 4443 437 4489 21
459 4435 594 4505 Appellat
614 4453 677 4488 oum
696 4440 729 4504 (o.
752 4439 794 4505 13)
816 4433 1091 4506 ἀνεσκολοπισμένον
1111 4432 1261 4507 σοφιστήν,
1278 4432 1323 4491 ubi
