2910 5056
470 280 649 358 Annnnnn
668 303 715 355 nr
735 303 980 360 connrcrnnr.
1213 303 1301 358 cxxi
1333 385 1335 389 Ι

148 466 221 520 tium
241 464 387 532 collocari,
411 466 443 518 ut
462 483 516 533 quo
535 464 605 519 illud
625 465 733 534 spectet
757 466 919 535 ambiguum
943 465 992 533 sit,
1017 462 1176 519 observavit
1194 463 1297 529 Rotae,

149 543 222 599 Mus.
243 544 331 598 Rhen.
351 543 442 599 XXVI
461 563 488 614 p.
504 551 555 598 569
570 545 627 599 not.

221 621 254 702 pi
270 638 320 688 179
341 635 517 703 Πρατίνας
535 633 553 686 l.
575 639 599 686 9.
636 635 668 686 ln
686 638 709 686 Δ
728 634 802 688 enim
821 633 925 703 legitur
942 618 1019 703 W,
1043 652 1098 702 quo
1118 635 1151 687 de
1171 650 1301 702 compen·

149 713 198 770 dio
221 715 257 769 cf.
279 714 371 782 Cobet,
397 714 511 769 Observ.
536 714 596 770 crit.
616 732 642 783 p.
664 719 723 781 147,
753 714 801 782 qui
822 710 950 783 Ἀθῆναι,
972 709 1134 783 Ἀθήνησιν,
1156 709 1299 781 Ἀθηναῖοι

151 794 342 863 idsignificare
362 795 451 850 docet.

222 893 250 944 p.
272 880 321 928 188
347 871 501 936 Ῥιανός
524 875 542 928 l.
564 880 596 928 19
623 870 800 944 γραμματικά
832 871 939 942 ποίημά
966 893 994 928 τε
1018 871 1206 942 Ἡρακλειάὸα
1230 873 1299 927 Gon-

149 957 268 1022 schnsid,
293 953 333 1016 είς
351 953 546 1024 γραμματικήν
570 974 634 1007 τινα
654 954 702 1007 καί
727 950 867 1024 ἐμμέτρως
887 953 1001 1007 Suidam
1025 954 1166 1024 scripsisse
1190 955 1301 1023 putavit

150 1036 250 1102 Dant,
274 1036 308 1089 de
327 1035 400 1089 Viol.
419 1054 446 1105 p.
462 1041 509 1101 24,
534 1035 582 1104 qui
601 1035 687 1088 etiam
710 1036 740 1088 in
758 1035 818 1089 vita
841 1033 900 1087 cod.
920 1034 983 1092 Par.
1004 1041 1073 1089 2600
1097 1033 1298 1105 γραμματικός.

151 1108 235 1178 οὗτος
258 1112 395 1185 πρότερον
419 1108 455 1184 ἦν
475 1148 507 1154 -
529 1114 596 1169 olim
625 1115 708 1170 fuisse
733 1116 846 1185 etpost
868 1113 1064 1183 γραμματικήν
1088 1116 1215 1171 additum
1235 1136 1297 1170 τινα

150 1195 281 1251 coniecit.

223 1295 250 1346 p.
271 1282 322 1331 193
343 1273 469 1341 Σέξτος
487 1279 515 1328 X
518 1295 581 1343 αιρ.
602 1276 620 1330 l.
637 1281 651 1329 7
672 1291 735 1328 curn
751 1271 934 1330 ἕντισκετιτικά
952 1277 981 1328 et
995 1272 1130 1330 σκεπτικὰ
1146 1293 1308 1345 synonyma·

149 1357 223 1425 sint,
238 1357 352 1411 Suidam
367 1356 458 1426 ipsum
472 1355 547 1409 idem
563 1371 631 1426 opus
646 1357 689 1410 bis
704 1356 851 1410 adnotasse
866 1356 962 1408 monet
975 1355 1146 1424 Gntschmid3
1163 1351 1299 1424 ἐφεκτικὰ

148 1437 303 1492 infeliciter
322 1439 393 1492 coni.
413 1438 613 1507 Pappenhes'm,
633 1438 669 1491 de
688 1437 763 1492 Sext.
782 1437 862 1505 Emp.
882 1439 939 1504 μδ
960 1435 1164 1509 (Berol.1874).

223 1536 250 1587 p.
273 1523 322 1571 197
348 1519 550 1587 Σιμωνίδης
575 1513 725 1585 Μάγνης.
763 1517 887 1584 Utroque
913 1517 975 1569 loco
1001 1514 1172 1570 Antiochum
1195 1516 1207 1568 Ι
1236 1531 1299 1568 cum

148 1596 255 1667 Magno
275 1613 292 1649 a
311 1596 398 1651 Suida
417 1596 471 1665 (vel
490 1598 640 1666 Hesychio)
661 1597 805 1651 confusum
825 1613 884 1650 esse
904 1596 998 1650 censet
1019 1594 1188 1650 Gatschmid.

223 1695 250 1746 p.
273 1682 322 1731 198
342 1679 541 1745 Σιμωνίδης
558 1673 608 1746 'Aa
628 1678 646 1732 l.
663 1683 678 1729 5
698 1675 728 1729 in
746 1676 824 1730 fonte
842 1675 1025 1744 praecessisse
1040 1675 1136 1742 aliqua
1155 1675 1189 1729 de
1204 1675 1300 1729 Archi·

148 1757 248 1824 locho,
268 1757 411 1811 conditore
428 1757 528 1823 Thasi,
552 1775 585 1812 ex
604 1757 696 1810 verbis
715 1754 764 1809 καί
784 1749 869 1817 αὐτὸς
893 1749 1005 1823 ἡγεμών
1024 1754 1112 1808 efficit
1131 1755 1299 1809 Gntsclnnid.

224 1835 242 1888 l.
263 1841 279 1889 8
304 1832 374 1904 μετά
397 1832 466 1906 νος’
487 1836 532 1890 vel
555 1834 619 1907 vcs'
641 1834 689 1904 ἔτη
713 1834 875 1889 dubitanter
898 1836 968 1890 coni.
988 1835 1096 1902 Rohde,
1120 1835 1191 1889 Mus.
1211 1837 1299 1890 Rhen.

151 1915 273 1970 XXXVI
291 1934 317 1985 p.
334 1921 385 1969 559
403 1920 462 1970 not.

224 1995 243 2049 l.
263 2001 279 2048 9
304 1993 410 2064 ἔγραψε
431 1993 503 2050 κατά
522 2017 601 2059 τινας
619 1998 726 2064 πρῶτος
746 1994 878 2069 ἰάμβους,
898 1993 1099 2065 ἀρχαιολογίαν
1119 2017 1147 2052 τε
1167 1998 1222 2051 τῶν
1242 2001 1299 2050 Σα-

150 2077 226 2146 μίων
245 2074 294 2128 καὶ
313 2071 383 2129 ολλλα
402 2072 528 2144 διάφορα
546 2075 668 2129 tentavit
686 2077 860 2146 Bernhardy.

225 2172 252 2223 p.
274 2159 324 2208 199
344 2150 480 2219 Σκύλαξ
500 2155 517 2208 l.
537 2161 553 2208 6
572 2155 749 2209 Heraclidem
767 2154 954 2224 Mylasenscm
972 2155 1108 2210 Herodoti
1120 2157 1161 2225 .V‚
1182 2162 1229 2210 121
1251 2175 1301 2225 pu-

151 2234 230 2289 tavit
248 2249 309 2287 esse
329 2232 503 2299 Gutschnrid,
526 2233 707 2303 impugnatus
731 2233 883 2288 aMfillero
907 2235 925 2290 l.
946 2251 982 2300 o.;
1005 2236 1054 2290 ille
1077 2253 1143 2290 vero
1168 2238 1301 2306 dynastas

152 2314 328 2384 Mylasenses
347 2313 451 2367 saeculi
465 2313 498 2369 ΙΙ.
514 2331 538 2369 a.
554 2313 626 2380 Chr,
646 2314 728 2368 modo
749 2331 871 2383 unquam
887 2314 1044 2383 extiterint,
1064 2333 1144 2385 reges
1164 2317 1301 2386 appellari

147 2393 278 2464 potuisse
302 2394 389 2461 negat
412 2395 440 2447 et
462 2391 583 2462 priorem
604 2393 763 2464 opinionem
783 2396 934 2449 etiamnum
954 2399 1061 2463 tuetur,
1086 2396 1120 2448 de
1140 2397 1232 2465 capite
1252 2398 1301 2450 nli-

151 2491 212 2543 quo
231 2473 366 2527 uberioris
386 2474 478 2542 operis
496 2473 690 2543 logographici
710 2475 757 2542 agi
775 2477 885 2544 putans.

226 2571 252 2622 p.
267 2559 320 2607 900
339 2554 520 2621 Σοφοκλῆς
540 2554 557 2607 l.
575 2560 606 2606 12
627 2555 660 2608 de
681 2554 892 2608 difficultatibus
912 2554 967 2608 loci
986 2553 1020 2608 cl.
1035 2554 1070 2607 F.
1084 2553 1190 2619 Scaea,
1206 2570 1248 2623 ep.
1265 2555 1301 2609 ad

150 2633 205 2688 Ad.
228 2632 331 2687 Schcll.
351 2651 377 2702 p.
393 2639 427 2686 59
443 2649 509 2700 seq.,
529 2634 577 2702 qui
595 2653 621 2703 p.
637 2640 671 2688 65
690 2635 730 2688 sic
748 2632 841 2687 locum
860 2633 1008 2703 descripsit
1028 2635 1054 2687 ὃ,
1074 2652 1101 2685 π.
1122 2635 1147 2688 ὃ.
1167 2629 1300 2702 άγωνίζε-

149 2718 234 2782 σθαι,
254 2707 315 2767 ἀλλ’
332 2707 367 2767 ori
385 2710 440 2782 μὴν
455 2717 710 2782 στρατολογεῑσθαι.
743 2712 792 2766 καλ
807 2710 873 2782 ἔγρ,
891 2713 977 2769 verba
991 2707 1061 2779 ᾇλλά
1077 2745 1109 2753 -
1129 2732 1220 2783 στρατ,
1240 2733 1301 2769 ver-

148 2799 216 2850 tens
236 2793 379 2864 „jedoch
398 2795 483 2848 ohne
502 2794 686 2868 Polemik“,
707 2809 762 2861 quo
777 2793 890 2862 quidem
904 2794 976 2847 nihil
991 2793 1131 2848 infelicius
1147 2795 1302 2864 excogitari

148 2875 255 2944 potest.
289 2874 389 2928 Veram
413 2873 562 2928 lectionem
583 2877 814 2942 τετραλογεῑσθαι
831 2890 891 2928 esse
915 2874 1025 2943 opinor3
1049 2875 1084 2928 de
1104 2875 1190 2929 simili
1208 2892 1300 2930 errore

150 2955 189 3010 cf.
208 2974 234 3009 v.
254 2951 374 3008 Πλάτων
394 2973 414 3010 s.
434 2955 480 3010 fin.

207 3056 253 3105 p.
274 3041 325 3089 203
344 3030 518 3103 Συριανός
536 3035 554 3089 l.
576 3041 607 3089 17
625 3029 719 3104 Ἱσοκρ.
739 3039 828 3102 AVE,
848 3036 922 3103 quod
937 3038 1124 3104 Σωκρατείωυ
1139 3053 1199 3090 esse
1218 3038 1302 3105 putat

150 3117 328 3184 (laiseinai,
348 3115 525 3170 inserendum
544 3114 618 3169 illud
636 3118 701 3185 post
720 3111 751 3168 ἐν
769 3109 904 3184 Ἀθήναις.

226 3215 253 3266 p.
273 3202 324 3250 207
344 3191 560 3265 Σωσιφάνης.
587 3195 680 3250 Verba
699 3195 814 3269 τελευτᾷ
835 3227 868 3234 -
888 3193 944 3264 ρι6’
965 3215 1017 3266 pro
1036 3198 1196 3267 parenthesi
1215 3197 1302 3251 habet

152 3277 318 3332 Gutschmid
336 3277 372 3330 ad
391 3275 552 3346 Philippum
572 3276 730 3344 referenda,
753 3273 783 3329 in
806 3293 862 3344 qua
881 3273 911 3328 οί
927 3273 959 3329 δὲ
983 3276 1012 3329 in
1032 3271 1046 3329 ὁ
1067 3274 1099 3330 ol
1118 3278 1211 3330 mutat
1229 3276 1257 3342 (i.
1278 3294 1302 3331 c.

152 3356 333 3422 Alexander).
363 3354 487 3421 Quocum
503 3355 686 3424 consentiam,
704 3355 788 3410 modo
802 3357 889 3410 verba
902 3373 957 3409 non
972 3356 1120 3424 Hesychio,
1136 3355 1184 3409 sed
1200 3356 1301 3410 Suidac
1382 3387 1388 3398 ·

153 3436 203 3492 vel
221 3437 322 3491 lectori
341 3436 425 3490 alicui
444 3435 560 3491 dederit.

227 3535 255 3586 p.
274 3522 324 3570 221
346 3519 544 3588 Φαβωρῖνος
562 3535 625 3587 app.
647 3526 674 3573 t:
695 3517 749 3572 del.
769 3517 811 3570 de.

181 3600 196 3620 ·
226 3615 255 3666 p.
274 3603 326 3652 226
347 3599 527 3651 Φιλιστίων
546 3597 564 3651 l.
581 3604 614 3655 13
633 3595 688 3653 ὑπὸ
709 3599 803 3652 tuetur
818 3597 990 3664 θαίευλκιίιλ,
1009 3613 1071 3650 cum
1087 3597 1188 3665 agatur
1202 3596 1236 3649 de
1251 3595 1303 3651 So-

151 3679 231 3734 crate
258 3677 295 3750 τῷ
321 3677 443 3746 χρηστῷ,
471 3694 536 3746 rege
561 3677 747 3747 Bithynorum
776 3694 800 3730 a.
827 3681 941 3730 92-90
967 3694 991 3730 a.
1019 3673 1096 3742 cha,
1122 3676 1302 3730 interfectore

151 3756 302 3813 histrionis
320 3755 484 3812 Nicaeensis
504 3757 563 3826 (qui
582 3759 617 3813 ab
637 3759 700 3813 aliis
721 3757 812 3811 dictus
831 3757 917 3812 fuerit
935 3756 1097 3826 Prusensis).

226 3857 255 3907 p.
274 3843 326 3890 234
346 3833 491 3906 Φύλαρχος
508 3839 528 3891 l.
544 3845 576 3892 16
595 3835 712 3907 κατάγει
729 3835 761 3892 δέ
780 3838 829 3892 καί
849 3833 885 3891 έν
903 3836 1053 3906 βιβλίοις
1072 3831 1124 3903 κη’
1144 3833 1225 3904 μέχρι
1243 3836 1303 3904 τῆς

150 3919 335 3987 Πτολεμαίου
359 3917 408 3972 τοῦ
433 3912 592 3986 Εὐεργέτου
616 3916 770 3986 κληθέντος
793 3916 842 3971 καί
867 3918 1016 3985 Βερενίκης
1040 3917 1171 3984 τελευτῆς
1199 3916 1302 3969 rectius

148 3996 303 4070 proposuit
323 3995 490 4051 Gatschmid.
