2910 5056
200 287 240 341 Vl
506 312 516 323 ·
668 284 883 341 PRAEFATIO.

201 449 441 528 Gutschmid,
459 449 494 514 in
513 471 622 534 quem,
642 450 771 533 opinor,
789 450 904 515 molius
925 450 1087 533 convenit,
1105 450 1190 534 quod
1211 451 1249 514 de
1264 449 1350 516 Lon·

201 539 278 624 gino
297 538 420 603 dictum
442 542 504 604 est:
530 534 770 623 βιβλιοθήκῃ
796 562 855 615 τις
879 528 926 623 ἦν
956 541 1128 624 ἔμψυχος
1152 537 1216 604 καὶ
1241 561 1350 624 περι-

201 628 354 692 πατοῦν
378 637 586 711 μουσεῖον,
615 628 670 712 qui
698 650 823 693 summa
850 651 923 694 cum
952 629 1178 694 benevolentia
1203 629 1360 694 omnium·

200 716 429 781 historicorum
449 717 534 782 vitas
549 717 711 782 recensuit
729 738 947 802 magnumque
961 718 1217 783 coniecturarum
1236 740 1349 783 nume·

202 827 273 870 rum
292 827 418 870 mecum
437 806 540 872 amice
559 806 818 872 communicavit.
849 805 965 871 Hercle
980 807 1060 871 milri
1074 807 1114 871 ad
1133 806 1230 870 Plinii
1245 829 1350 872 exem-
1429 885 1434 896 .

201 896 294 979 plum
312 894 407 959 fateri
426 894 515 978 licet:
539 894 633 959 mihi
657 900 774 978 certe,
797 895 978 980 quotiens
1003 895 1151 981 aliquid
1174 896 1350 962 abditum

203 1004 359 1067 quaero,
385 983 454 1048 illo
481 984 686 1048 thesaurus
710 988 777 1049 est.
818 982 886 1050 Neo
913 985 1020 1050 miuus
1049 989 1159 1070 grates
1185 985 1350 1051 debendae

202 1073 241 1136 A.
260 1071 412 1137 Daubio
430 1071 653 1158 Friburgensi,
676 1074 730 1157 qui
748 1078 921 1158 postquam
940 1096 999 1157 per
1019 1073 1147 1139 litteras
1167 1074 1247 1139 mihi
1268 1075 1350 1139 mul·

202 1166 254 1226 tas
273 1161 323 1225 vel
345 1161 583 1227 emendationes
607 1164 657 1226 vel
681 1163 882 1228 coniecturas
911 1163 950 1227 ad
973 1162 1129 1247 Hesychii
1156 1164 1242 1228 vitas
1268 1185 1350 1228 non-

202 1249 278 1314 dum
309 1249 492 1334 publicatas
525 1252 575 1315 vel
608 1250 711 1316 adhuc
743 1251 777 1316 in
804 1252 1024 1336 manuscripto
1056 1252 1219 1336 depositas
1248 1253 1352 1337 misit,

203 1338 342 1420 benigne
366 1339 462 1403 etiam
487 1361 612 1404 mecum
636 1340 818 1424 corrigendi
842 1340 1026 1405 molestiam
1049 1341 1191 1424 suscepit
1212 1342 1351 1425 insigni-

207 1449 268 1512 que
292 1449 363 1492 cum
388 1427 548 1493 industria
565 1429 701 1514 peregit.
736 1428 805 1494 Nec
828 1430 944 1494 merita
966 1430 1060 1494 laude
1081 1430 1278 1495 fraudandus
1300 1436 1354 1496 est

202 1515 348 1581 Paulu's
367 1516 517 1602 Knapp‚
535 1519 699 1602 professor
718 1519 880 1604 gymnasii
899 1518 1132 1604 Tubingensis,
1153 1521 1208 1605 qui
1228 1523 1260 1585 et
1278 1520 1352 1603 ipse

204 1605 430 1670 emendationi
444 1627 576 1689 operam
599 1607 695 1674 dedit.

294 1710 415 1796 Scripsi
438 1735 547 1778 mense
571 1713 743 1781 Decembri
769 1716 863 1781 1881.
