2910 5056
414 1094 963 1218 Pncnucuuuun.

529 1447 649 1540 Caput
675 1447 851 1540 primum.

342 1617 392 1673 De
414 1615 577 1684 Hesychii
598 1614 722 1671 Milesii
744 1613 814 1670 vite
837 1616 871 1670 et
893 1612 1036 1684 seriptis.

204 1747 438 1832 Hesychium
461 1749 655 1814 Milesium
678 1745 933 1834 illustrium1)
963 1751 1039 1812 sunt
1058 1748 1113 1833 qui
1139 1747 1304 1828 Iustin0§
1329 1751 1345 1813 1

112 1858 271 1940 regnante
286 1854 492 1940 (518-527)
506 1856 625 1922 vixisse
639 1858 756 1939 putent
770 1852 824 1942 (cf.
834 1853 952 1940 Bergk,
966 1855 1028 1920 Lit.
1040 1853 1120 1920 Gnl
1134 1878 1164 1939 p.
1175 1852 1263 1940 292),

113 1967 191 2027 sunt
210 1964 308 2027 etiam
328 1963 383 2047 qui
405 1963 587 2028 Iustiniauo
607 1958 864 2047 (sni-568)²),
882 1961 1030 2046 inprimis
1050 1961 1180 2026 adducti
1199 1961 1263 2045 epi·

112 2069 285 2134 tomatcris
306 2069 538 2154 Onomatologi
558 2069 665 2134 verbis
684 2068 719 2132 in
740 2068 842 2152 ipsius
861 2067 1016 2150 Hesychii
1035 2067 1102 2132 vita
1126 2067 1263 2131 extanti-

112 2176 174 2239 bus
206 2171 352 2258 γεγονώς
375 2173 441 2241 ’ἐπὶ
471 2169 691 2240 Ἀναστασίον
722 2172 884 2257 βασιλέως
920 2171 1149 2260 (491-518),
1181 2195 1263 2258 quae

114 2281 260 2346 derivata
283 2305 353 2347 esse
377 2305 416 2347 ex
438 2282 595 2348 historiae
614 2280 774 2373 'Hesychii
797 2280 944 2345 terminis
972 2280 1136 2345 neminem
1164 2281 1262 2366 fugit3

113 2388 230 2453 Suides
255 2390 340 2454 enirn
359 2389 438 2454 dicit
461 2389 552 2454 illem
576 2390 737 2473 pertinere
757 2387 818 2465 ἕως
837 2389 895 2473 τῆς
916 2390 1086 2471 βασιλείας
1109 2383 1263 2453 Ἀναστα-

113 2497 191 2560 σίου
213 2495 274 2561 τοῦ
298 2493 589 2580 ίπονομαζομίνοα
613 2490 781 2577 Δικόρον,
804 2494 899 2559 Phot.
924 2495 992 2560 cod.
1011 2495 1053 2559 69
1077 2489 1202 2559 κάτεισι
1228 2491 1265 2560 δὲ

112 2600 210 2686 μέχρι
231 2602 291 2687 τῆς
312 2603 467 2686 τελευτῆς
486 2597 722 2682 Ἀναστασίου,
751 2593 789 2677 ὃς
807 2585 978 2684 Ῥωμαίων
1002 2599 1140 2684 γέγονεν
1165 2595 1262 2667 αὐτο-

112 2705 244 2793 κράτωρ
276 2714 309 2774 et
338 2710 382 2776 ib.
412 2707 507 2793 μέχρι
535 2710 594 2793 τῆς
621 2703 842 2772 Ἀναστασίου
872 2707 1026 2791 τελευτῆς
1059 2706 1112 2790 (cf.
1140 2707 1262 2791 Rohde,

113 2815 196 2881 Mus.
219 2815 323 2880 Rhen.
346 2815 486 2881 XXXIV
510 2838 540 2899 p.
562 2815 649 2900 184).
696 2813 839 2890 Quorum
863 2814 972 2898 opinio
997 2815 1047 2882 vel
1072 2815 1173 2880 altero
1197 2814 1261 2880 He·

114 2922 220 3005 sychii
243 2923 328 2989 libro
353 2922 538 2988 confirmari
556 2921 691 3006 videtur,
714 2909 752 3006 ᾖ,
776 2925 813 2986 ut
836 2921 884 2986 ait
907 2919 1058 3006 Photius‚
1080 2925 1263 3006 περιείχετο

112 3025 152 3092 τά
180 3053 215 3094 τε
245 3022 414 3116 Ἰονστίνῳ
444 3026 651 3113 πραχθέντα,
686 3022 776 3104 ὅπως
805 3051 839 3093 τε
868 3022 1087 3094 Ἀναστασίοα
1115 3029 1263 3113 τελευτῆ-

113 3153 235 3212 σαντος
267 3129 367 3212 αὐτὸς
399 3130 585 3219 ἅνερρῆθη.
640 3128 709 3199 εἶτα
742 3131 798 3198 καὶ
830 3135 890 3199 τοῦ
927 3130 1170 3200 Ἰοαστινιανοῦ
1203 3137 1264 3201 τοῦ

112 3239 192 3326 μετὰ
214 3235 400 3307 Ἰονστλνον
424 3243 514 3306 ἔστιν
534 3235 722 3327 ἀνάρρησιν
741 3241 890 3306 κατιδεῖν
908 3240 964 3307 καὶ
982 3235 1041 3319 τὰς
1061 3237 1163 3319 ἄλλας
1181 3239 1264 3325 πρα-

114 3349 179 3426 ξεις
202 3348 315 3433 μέχρις
333 3348 417 3414 ἐτῶν
435 3371 539 3414 τινων
559 3345 677 3434 (τριῶν
696 3347 765 3412 sine
780 3348 1010 3436 idonsaceusa
1024 3349 1107 3414 coni.
1120 3348 1263 3433 Bchher)

112 3456 171 3538 τῆς
194 3453 299 3521 αὐτοῦ
322 3458 508 3540 βασιλείας,
532 3477 727 3538 quamquam
751 3476 788 3518 ex
812 3454 919 3520 verbis
942 3455 1189 3541 insequentibus
1208 3455 1263 3521 καὶ

113 3555 156 3628 τὸ
187 3557 328 3627 λοιπὸν
359 3558 377 3627 ὁ
407 3556 620 3648 συγγραφεὺς
654 3559 831 3646 ἐπεσχέθη,
863 3558 1018 3628 θανάτου
1050 3563 1111 3627 τοῦ
1144 3558 1265 3650 παιδὸς
1362 3608 1369 3619 -

10 3696 15 3711 ·
111 3663 275 3748 Ἰωάννρν
302 3663 364 3753 τῆν
391 3662 503 3752 ψυχῆν
530 3669 665 3754 καιρίαν
692 3665 832 3752 βληθεὶς
858 3665 913 3733 καὶ
936 3667 994 3752 τῆς
1016 3661 1100 3753 πρὸς
1123 3663 1161 3733 τὸ
1185 3663 1263 3754 γρά-

114 3796 193 3858 φειν
217 3768 324 3859 ὁρμῆς
347 3774 496 3851 ίκκοπείς
518 3774 717 3860 Hesychium
740 3779 879 3840 mortem
903 3775 963 3839 filii
986 3797 1082 3861 segre
1106 3775 1262 3840 ferentem

115 3902 196 3964 opus
220 3881 406 3947 incohatum
430 3902 496 3946 uon
518 3880 694 3966 perfecisse
712 3882 732 3947 i.
752 3904 777 3946 e.
796 3881 969 3947 Iustiniani
988 3881 1192 3968 imperatoris
1212 3903 1262 3946 res

188 4096 214 4164 1)
237 4093 393 4164 Hesychius
417 4092 555 4148 Illustrius
579 4093 658 4150 audit
682 4093 756 4163 apud
777 4094 856 4150 Phct.
878 4095 938 4150 cod.
959 4101 991 4152 69
1012 4097 1041 4149 et
1059 4101 1093 4149 70
1112 4094 1162 4159 αλ,
1188 4093 1264 4162 quod

115 4171 264 4244 epitheton
282 4173 312 4228 in
330 4172 390 4228 vite
409 4172 468 4245 eius
487 4172 613 4229 Suiduna
630 4173 812 4229 desideratur.
850 4175 890 4230 Cf.
910 4191 981 4244 quse
1003 4173 1061 4229 dixi
1084 4175 1120 4228 ad
1143 4191 1168 4230 v.
1188 4175 1262 4242 Προ-

23 4322 26 4326 ,
115 4251 217 4316 κόπιος
240 4256 269 4308 et
285 4250 488 4322 Χριστόδωρος.
1015 4316 1018 4320 Α

187 4336 214 4402 2)
239 4333 279 4389 Cf.
298 4333 418 4402 Hesych.
439 4334 481 4390 ed.
501 4333 638 4390 Meursius
657 4352 684 4402 p.
705 4340 769 4402 1123
789 4335 832 4390 ed.
852 4334 939 4389 Orelli
957 4353 984 4403 p.
1004 4341 1069 4400 2713
1095 4334 1209 4403 Miller,
1227 4335 1260 4392 fr.

114 4412 181 4467 hist.
195 4413 234 4468 IV
251 4431 280 4483 p.
301 4418 351 4467 143
367 4413 405 4466 el.
