2880 5054
611 327 826 384 sessaniae.
1228 331 1290 397 169

233 484 299 571 [ὅτι
326 484 385 567 τὰς
411 486 523 575 Θήβας
549 487 612 576 τὴν
639 488 740 557 πόλιν
762 487 983 578 Ἀλέξανδρόν
1011 511 1116 579 φασιν
1146 497 1192 573 είς
1220 497 1292 561 ἔδα-

142 620 207 681 φος
225 594 444 682 κατασκάψαι,
468 597 523 664 καὶ
545 595 634 684 πλην
657 599 828 684 ἱερέων-τε
847 598 901 665 καλ
920 601 1052 686 ίερειοὸν
1070 598 1149 680 τοὺς
1168 599 1292 680 ἀλλους

141 699 399 792 ἀνδραποδίσαι.
436 705 491 770 καὶ
514 703 576 791 τὴν
599 703 779 792 Πινδάρου
802 704 839 771 δὲ
861 709 922 772 τού
945 711 1087 793 ποιητοῦ
1106 711 1216 775 οίκίαν
1236 708 1292 774 καὶ

141 809 223 889 τοὺς
251 807 442 896 ἀπογόνους
468 815 529 879 τοῦ
555 812 733 899 Πινδάρου
761 814 933 898 λέγουσιν,
964 810 1015 880 ὅτι
1044 811 1187 894 ἀπαθεῖς
1214 815 1293 901 ἐφύ-

142 917 242 997 λαξεν
271 920 365 984 αίδολ
389 921 428 1006 τῇ
455 918 649 1006 Πινδάρου,
677 916 722 998 dig
749 937 854 1004 φησιν
875 916 1049 1007 Ἀρριανὸς
1077 919 1094 990 ὁ
1125 919 1318 1009 Ιστορικόςι

140 1025 178 1090 ἐν
201 1027 242 1112 τῇ
267 1021 430 1110 ἀναβάσει
450 1021 694 1114 Ἀλεξάνδρου]

233 1133 374 1199 DOXLI.
412 1137 647 1220 Πίνδαρος
676 1138 888 1200 Σκοπελίνου
920 1140 1079 1220 Θηβαῖος,
1108 1134 1163 1201 καὶ
1192 1132 1294 1213 αὐτὸς

142 1237 295 1325 λυρικός,
319 1235 457 1320 ἀνεψιὸς
478 1242 540 1308 τού
564 1241 738 1327 προτέρου.

231 1347 391 1414 DOXLII.
423 1342 621 1424 Πιττακὸς
639 1353 880 1432 Μιτυληναῖος,
899 1344 972 1426 υίὸς
991 1352 1122 1415 Καίκοῦ
1142 1343 1291 1434 ἢὛρρα-

142 1456 220 1520 δίου
239 1451 380 1543 Θρᾳκός,
404 1451 527 1541 μητρὸς
551 1451 588 1520 δὲ
607 1459 759 1539 Λεσβίας.
801 1444 899 1534 οὗτος
917 1456 1034 1540 γέγονε
1053 1455 1136 1522 κατὰ
1154 1451 1216 1540 τὴν
1234 1453 1289 1539 λβ’
1306 1479 1330 1519 ιο

141 1556 344 1647 ὀλυμπιάδα,
368 1555 415 1640 εἷς
437 1560 492 1627 καὶ
517 1557 618 1639 αὐτὸς
639 1565 707 1628 τῶν
733 1563 760 1642 ζ’
779 1565 896 1648 σοφοῖν
920 1557 979 1629 ἀν.
1016 1565 1139 1648 ἔγραφε
1157 1558 1292 1647 νόμους.

143 1668 211 1752 [καὶ
240 1671 280 1755 τῇ
304 1667 362 1755 μβ’
388 1665 569 1755 ὀλυμπιάδι
592 1670 795 1756 Μέλαγχρον
819 1667 880 1736 τὸν
901 1668 1073 1756 τύραννον
1096 1666 1293 1754 Μιτυλήνης

142 1773 264 1860 ἀνεῖλε,
288 1775 343 1841 καὶ
365 1773 534 1862 Φρύνωνα
557 1774 745 1863 στρατηγὸν
762 1773 952 1863 Ἀθηναίων
976 1779 1188 1862 πολεμοῦντα
1208 1772 1291 1861 ὑπὲρ

142 1885 204 1948 τοῦ
224 1887 366 1967 Σιγείου
388 1885 590 1969 μονομαχῶν
614 1880 796 1967 ἀπέκτεινε,
821 1881 943 1973 δικτύῳ
966 1879 1157 1969 περιβαλὼν
1180 1878 1292 1949 αὐτόν.

142 1987 282 2076 γηραιὸς
301 1988 338 2056 δὲ
357 1986 623 2076 ἀναγκαζόμενος
642 2003 839 2076 στρατηγεῖν
859 1994 922 2076 ἔφη
943 1986 987 2067 ὡς
1005 1985 1149 2076 χαλεπὸν
1164 1987 1290 2054 ἐσθλὸν
1306 2016 1330 2056 ιε

142 2101 289 2183 ἔμμεναι.
322 2095 446 2164 τούτου
464 2093 668 2183 ἀπόφθεγμα
688 2094 823 2183 “καιρὸν
845 2098 995 2183 γνωθι’.]
1030 2097 1163 2182 ἐποίησε
1183 2095 1220 2163 δὲ
1237 2096 1293 2162 καὶ

141 2205 268 2288 ἐλεγεῖα
293 2208 352 2289 ἔπη
377 2202 409 2290 χ’
434 2203 488 2270 καὶ
512 2199 596 2290 ὑπὲρ
620 2201 736 2289 νόμων
758 2203 1000 2289 καταλογάδην.

230 2311 407 2380 DCXLIH.
450 2309 619 2377 Πλάτων
646 2306 844 2396 Ἀρίστωνος
874 2313 936 2378 τού
961 2306 1210 2396 Ἀριστοκλέους
1236 2311 1292 2376 καὶ

140 2418 362 2504 Περικτιόνης
388 2413 408 2505 ἢ
437 2419 616 2503 Ποτωνης,
643 2414 681 2483 τὸ
710 2416 806 2500 γένος
838 2415 998 2503 ἑλκούσης
1026 2412 1089 2483 ἀπὸ
1117 2416 1292 2496 Σόλωνος·

141 2525 215 2610 έκτη
249 2523 314 2611 γὰρ
346 2516 390 2610 ἦν
424 2521 480 2592 ἀπ’
511 2526 654 2611 ἐκείνου,
685 2536 764 2602 παῖς
790 2525 952 2609 γενομένη
981 2521 1204 2608 <Γλαύκωνος
1230 2526 1332 2591 τοῦτο

141 2636 378 2719 Καλλαίσχρου
397 2637 458 2700 τοῦ
478 2637 620 2719 Κριτίου
638 2633 721 2716 τοῦ>
744 2633 929 2717 Δρωπίδου
948 2634 1009 2698 τοῦ
1027 2633 1178 2716 ποιητοῦ,
1198 2626 1291 2697 ἀδελ-

141 2805 218 2872 δρος,
233 2798 429 2872 Κριστόδωρος
443 2801 478 2855 al.
495 2800 565 2855 oeni.
580 2801 665 2854 Daub
681 2795 766 2854 έπικά
777 2803 806 2855 et
820 2800 1039 2870 suprascriptum
1054 2794 1142 2869 ἤγουν
1156 2797 1289 2868 ποιητικά

140 2899 194 2937 om.
214 2882 300 2936 aaIV
373 2880 421 2936 καλ
444 2884 574 2949 καταλογ.
594 2911 627 2919 -
648 2879 712 2934 exit.
731 2881 786 2951 ipsi
806 2880 908 2936 Suidae
928 2880 1023 2936 deberi
1041 2881 1113 2934 coni.
1128 2881 1214 2936 Daab

142 2967 155 3014 1
180 2960 331 3015 Addidisse
355 2959 500 3030 sequentia
520 2959 634 3014 suidam
658 2977 691 3015 ex
713 2959 821 3015 Anien.
841 2961 928 3017 Anab.
948 2961 1007 3031 1,e
1031 2960 1089 3014 dixi
1112 2959 1183 3016 Mus.
1202 2960 1292 3018 Rhen.

142 3040 247 3094 XXXV
265 3060 292 3110 p.
309 3047 360 3095 219

213 3121 327 3175 DOXLI
345 3138 399 3176 om.
416 3121 552 3176 Πασίωνι.
572 3120 648 3175 Eud.
668 3121 686 3177 l.
707 3137 729 3174 ο.
758 3120 825 3174 VIta
844 3121 1041 3176 commenticia
1060 3124 1103 3176 est

212 3200 338 3254 DCXLII
356 3200 432 3255 Eud.
447 3219 474 3269 p.
491 3205 551 3257 605.
581 3198 621 3254 Cf.
637 3199 717 3270 Diog.
732 3199 753 3265 I,
769 3205 802 3253 74
813 3217 871 3269 seq.
906 3201 1041 3256 Tractant
1055 3199 1181 3266 Chabon,
1201 3198 1264 3252 fast.
1279 3201 1292 3252 Ι

142 3298 168 3347 p.
185 3285 246 3346 197,
261 3279 368 3348 Rohde,
383 3278 453 3334 Mus.
469 3279 557 3335 Rhen.
568 3278 683 3333 XXXVI
698 3299 724 3349 p.
737 3285 788 3334 426
802 3282 886 3334 πολιν
942 3289 958 3336 9
978 3281 1026 3335 καλ
1038 3277 1111 3348 ‘Tea
1126 3281 1199 3349 νυίη.
1214 3279 1290 3334 Eua.

140 3353 155 3428 ἢ
175 3364 293 3427 ABVE,
312 3359 388 3428 quod
406 3360 652 3414 commendaverat
666 3361 817 3429 lIIenapias
897 3366 930 3414 10
950 3359 1048 3430 γέγονε
1067 3359 1113 3413 hie
1132 3358 1291 3428 significare

139 3443 241 3508 „natus
261 3442 325 3493 est“
344 3438 485 3510 persuasit
502 3438 614 3507 Rohde‚
634 3441 703 3494 Mus.
722 3439 811 3494 Rhen.
830 3435 948 3494 XXXIII
965 3459 992 3510 p.
1010 3446 1061 3494 187
1143 3444 1174 3492 11
1196 3436 1225 3492 εἴ
1256 3469 1290 3478 -

141 3516 299 3589 ὀλυμπιάδι
313 3524 404 3574 om.A
460 3526 492 3573 13
511 3520 690 3589 πολεμοῦντα
709 3537 743 3574 ex
757 3520 822 3576 Par.
838 3520 976 3574 Kasterus
993 3520 1199 3587 πολιορκοῦντα
1218 3521 1290 3589 υιιλγ.

137 3601 215 3655 Eud.
253 3598 294 3653 Cf.
313 3600 415 3654 Herod.
432 3600 466 3670 V,
481 3605 515 3653 95
608 3606 640 3653 14
663 3595 812 3655 ἀπέκτεινε
833 3599 865 3655 a
884 3607 919 3667 λς
945 3601 978 3654 ef.
998 3601 1095 3654 Festus
1117 3618 1137 3654 s.
1157 3600 1290 3655 Retiario.

139 3681 274 3735 Ceterum
294 3697 367 3748 quae
381 3680 483 3735 seclusi
497 3678 612 3734 Suidam
628 3695 661 3734 ex
674 3680 754 3750 Diog.
769 3681 790 3749 Ι,
807 3688 840 3736 74
850 3699 906 3750 seq.
922 3680 1064 3734 addidisse
1077 3681 1223 3750 probabile
1239 3684 1289 3751 est,

136 3762 260 3816 fortasse
280 3760 367 3814 etiam
381 3762 505 3815 extrema
522 3761 619 3826 verba,
639 3761 674 3815 de
694 3761 795 3829 quibus
814 3762 849 3818 ef.
866 3762 965 3827 Hiller,
983 3762 1053 3814 Mus.
1073 3761 1160 3815 Rhen.
1176 3761 1292 3816 XXXIII

136 3860 164 3911 p.
182 3847 243 3896 520.
272 3841 417 3910 Leguntur
437 3841 510 3895 enim
530 3836 643 3909 ἐποίησε
661 3872 696 3879 —-
713 3841 777 3897 exit.
798 3843 834 3896 ad
853 3843 969 3898 verbum
988 3841 1062 3910 apud
1081 3839 1163 3910 Diog.
1178 3842 1199 3907 Ι,
1216 3848 1249 3895 79

210 3919 350 3974 DCXLIII
368 3921 444 3976 Παιί.
458 3941 485 3991 p.
500 3927 559 3976 605.
588 3921 887 3992 Cf.Di0g.111,1seq.
915 3923 956 3976 De
975 3922 1076 3977 Suidae
1092 3921 1291 3975 additamentis
1366 3957 1369 3964 ·

137 4000 198 4056 dixi
216 4001 288 4055 Mus.
307 4000 391 4056 [then.
406 4001 508 4056 XXXV
523 4021 549 4070 p.
566 4008 625 4057 219.
660 4001 699 4056 Cf.
715 4001 801 4056 etiam
818 4001 964 4071 Biieheler‚
983 4003 1043 4056 Ind.
1060 4002 1162 4070 Gryph.
1178 4018 1210 4067 a.
1223 4006 1299 4056 1869·

139 4089 171 4137 19
192 4077 386 4151 Περικτιόνης
403 4082 475 4152 vulp.
495 4082 571 4137 Eud.
591 4079 777 4151 Περικτιόνης
795 4087 872 4135 AVE
891 4101 956 4138 mox
976 4079 1102 4150 Πωτιόνη
1122 4085 1145 4132 Δ
1277 4102 1283 4114 ·

137 4169 172 4216 20
192 4163 263 4216 baec
282 4178 383 4217 manea
401 4177 461 4216 esse
478 4161 552 4217 vidit
569 4163 803 4228 Hemsierbasias3
828 4163 1032 4218 restituendum
1051 4179 1085 4216 ex
1103 4161 1184 4230 Diog.
1205 4161 1252 4230 ΙΙΙ,
1272 4168 1286 4215 1

137 4243 184 4297 vel
203 4241 292 4296 schol.
311 4241 422 4297 Platon.
437 4240 475 4295 VI
489 4260 516 4311 p.
532 4249 596 4297 364:
616 4236 649 4297 ού
670 4244 797 4312 Κριτίας,
817 4233 850 4297 ού
871 4239 1072 4310 Κάλλαισχρος,
1092 4232 1126 4294 ού
1152 4236 1290 4295 Γλαύκων

138 4356 172 4364 -
197 4324 295 4392 itaque
317 4321 538 4385 Γλαύκωνος-
557 4325 673 4393 Κριτίον
697 4323 747 4378 τού
766 4323 881 4390 inserui3
907 4320 972 4390 ἕκτη
997 4351 1031 4360 -
1055 4317 1212 4391 Χαρμάδας
1235 4337 1288 4377 om.

138 4406 225 4472 Eua,
244 4403 299 4458 nisi
317 4402 393 4472 quod
411 4402 527 4458 exhibet
541 4400 730 4472 ἐφιλοσόφησε
750 4399 826 4472 παρὰ
842 4397 989 4473 Σωκράτει
1005 4399 1053 4472 έτη
1066 4397 1096 4455 κ’
1152 4407 1184 4455 21
1206 4396 1288 4457 ἀδελ·

141 4486 199 4554 φού
219 4489 243 4537 V
264 4484 315 4538 τού
335 4477 381 4537 αλδ.
399 4483 449 4538 rel.
