2880 5054
117 330 120 335 .
184 285 228 349 92
644 286 858 346 HESYORIUS.

272 447 434 516 OOOXLI.
476 443 628 515 Θεανὼ
666 447 789 535 Λοκρὶς
825 447 952 536 λυρική.
1013 446 1145 539 ᾅσματα
1184 456 1320 542 Λοκρικὰ

182 553 237 620 καί
259 554 351 640 μέλη.

271 661 453 728 OOOXLII.
495 664 743 746 Θεμίστιος
773 659 973 748 φιλόσοφος,
1007 663 1157 749 γεγονῶς
1184 667 1238 734 ἐπὶ
1263 671 1321 737 τῶν

182 767 316 856 χρόνων
332 765 520 835 Ἰουλιανού
542 769 603 834 τοί
626 764 831 855 παραβάτου,
853 765 913 855 ὑφ’
936 760 977 837 ού
1000 770 1057 838 καί
1079 768 1231 862 ὕπαρχος
1251 798 1321 865 προ

157 894 169 933 ⁵
183 874 313 961 εβλήδη
325 873 723 953 Κωνσταντινουπόλεως.
742 876 888 963 γέγραφε
902 879 960 962 τῆς
971 873 1222 965 Ἀριστοτέλους
1234 901 1320 969 φυτι

181 985 241 1069 κῶς
263 978 455 1070 ἀκροάσεως
476 978 693 1068 παράφρασιν
717 981 754 1047 έν
777 984 921 1066 βιβλίοις
944 981 991 1067 η’,
1019 982 1242 1074 παράφρασιν
1262 992 1320 1056 τῶν
1343 1006 1346 1013 “

181 1087 391 1157 ἀναλυτικῶν
414 1089 451 1155 ἐν
474 1090 618 1173 βιβλίοις
639 1085 687 1172 β’,
710 1096 778 1154 τῶν
803 1084 1044 1158 ἀποδεικτικῶν
1064 1091 1102 1158 έν
1119 1096 1266 1178 βιβλίοις
1280 1094 1319 1181 β’,

181 1199 241 1263 τοῦ
271 1195 345 1283 περὶ
375 1198 483 1281 ψυχῆς
511 1195 549 1261 έν
575 1197 719 1279 βιβλίοις
743 1191 771 1275 ζ’
795 1193 847 1283 (ἐν
871 1193 909 1262 δὲ
935 1193 1042 1287 τούτφ
1065 1198 1123 1266 καί
1151 1202 1223 1267 ίδια
1249 1223 1319 1289 παρ

182 1300 336 1389 εισήγαγε
353 1302 428 1390 περὶ
445 1304 505 1369 τοῦ
521 1304 647 1368 σκοποῦ
662 1300 790 1387 καὶτῆς
808 1302 1018 1391 ἐπιγραφῆς),
1037 1307 1107 1373 τῶν
1120 1310 1318 1396 κατηγοριῶν

146 1428 171 1466 10
185 1410 222 1477 έν
242 1415 364 1499 βιβλίῳ
388 1407 422 1475 α’
446 1408 501 1475 καὶ
525 1407 693 1486 διαλέξεις.

271 1516 465 1584 GOOXLIII.
511 1514 852 1602 Θεμιστογένης
883 1516 1121 1604 Συρακούσιος
1153 1523 1316 1611 ἱστορικός.

183 1622 302 1712 Κύρου
317 1619 507 1708 Ἀνάβασιν,
531 1619 602 1708 ἥτις
621 1623 658 1689 έν
676 1634 746 1701 τοῖς
763 1623 984 1710 Ξενοφῶντος
1002 1625 1152 1716 φέρεται,
1170 1629 1227 1696 καὶ
1244 1627 1317 1699 ἄλλο

182 1728 257 1798 τινά
281 1730 355 1818 περὶ
378 1731 436 1816 τῆς
459 1730 581 1797 ἕαυτού
603 1733 771 1818 πατρίδος.

270 1837 464 1906 OOOXLIV.
501 1840 766 1924 Θεμιστοκλῆς
791 1833 971 1922 Ἀθηναῖος
999 1839 1216 1928 δημαγωγός,
1242 1850 1315 1912 Νεο·

142 1961 167 2001 1⁵
180 1946 296 2025 κλέους
319 1943 403 2030 υίός,
428 1942 556 2024 άσωτος
574 1941 635 2031 τὴν
658 1941 793 2032 πρῶτην
817 1940 950 2030 ἡλικίαν
973 1944 1165 2035 γενόμενος,
1188 1946 1267 2037 μετά
1286 1948 1315 2018 δὲ

180 2057 282 2122 ταῦτα
306 2048 488 2141 στρατηγὸς
512 2053 675 2140 αἱρεθείς,
698 2049 754 2118 καὶ
776 2055 890 2130 κτίσας
911 2048 972 2119 τὸν
991 2057 1148 2143 Πειραιᾶ,
1171 2057 1314 2125 καίνειν

180 2164 281 2250 μαγίρι
308 2158 448 2245 νικήσας
476 2156 553 2238 τοὺς
576 2158 709 2248 Πέρσας
730 2155 813 2226 κατά
836 2164 1030 2246 Σαλαμῖνα,
1057 2161 1114 2228 καί
1137 2163 1315 2250 φθονηθεὶς

141 2332 152 2354 .
181 2265 298 2354 φεύγει
320 2263 403 2355 πρὸς
419 2263 633 2354 Ἀρταξέρξην
656 2262 716 2332 τὸν
739 2267 807 2333 τῶν
831 2268 975 2354 Περσῶν
994 2269 1146 2354 βασιλέα,
1169 2270 1225 2338 καὶ
1246 2268 1314 2358 σφί·

181 2378 244 2463 δρα
267 2374 420 2462 τιμηθεὶς
442 2371 497 2442 ὑπ’
524 2369 629 2440 αὐτοῦ
652 2367 853 2459 ἠναγκάζετο
876 2369 957 2460 μετά
980 2377 1084 2441 ταῦτα
1106 2388 1179 2457 τοῖς
1190 2373 1313 2465 Ἕλλησι

141 2498 166 2538 ²⁰
180 2489 353 2568 πολεμεῖν,
380 2480 436 2549 καὶ
463 2479 507 2568 μὴ
537 2479 718 2566 βουληθεὶς
739 2483 934 2569 προδοῦναι
958 2476 1020 2567 την
1043 2485 1189 2570 πατρίδα
1210 2483 1265 2551 καὶ
1282 2479 1311 2551 ιδ

179 2590 300 2657 ἑαυτοῦ
332 2589 428 2668 κλέος
457 2586 615 2675 ταύρειον
644 2579 725 2673 αἷμα
756 2583 843 2654 πιῶν
872 2584 1030 2665 άπῶλετο.
1083 2592 1230 2679 ἔγραψεν
1257 2592 1312 2660 ἔτι

179 2695 298 2776 στολάς
321 2694 535 2783 φρονήματος
558 2691 732 2780 γεμούσας.

269 2802 449 2870 ΟΟΟΧΙΝ.
488 2798 710 2887 Θεόγνητος
733 2798 885 2886 κωμικός.
921 2803 990 2868 τῶν
1014 2801 1195 2890 δραμάτων
1218 2802 1310 2873 αύιοῦ

181 2913 249 2978 ἐστι
279 2909 399 2996 Φάσμα
432 2903 452 2995 ἢ
484 2909 709 2996 Φιλάργυρος,
745 2908 1005 2995 Φιλοδέσποτος,
1037 2911 1245 3001 Κένταυρος,
1274 2906 1310 2989 ῶς

141 3034 167 3073 25
179 3013 358 3102 Ἀθήναιος
381 3017 418 3084 ἐν
442 3022 755 3099 Δειπνοσοφισταῖς.

182 3163 237 3170 ...-
239 3163 283 3168 .....
284 3161 392 3168 ...-

252 3245 380 3303 COOXLI
409 3252 422 3299 1
447 3242 571 3315 Λοκρικά
594 3245 773 3316 Bernhardy,
798 3245 847 3315 qui
870 3245 898 3299 iu
921 3246 1043 3302 lectione
1066 3248 1204 3305 librorum
1221 3252 1308 3303 Am

179 3325 277 3400 λυρικδ
297 3323 315 3399 ἢ
333 3322 448 3397 λοκρικά
469 3343 589 3381 errorem
613 3327 642 3381 et
661 3325 886 3381 emendationem
909 3327 1087 3384 librariorum
1108 3330 1139 3384 in
1157 3348 1241 3386 unum
1257 3344 1309 3385 oon·

180 3411 292 3465 fluxisse
311 3408 385 3464 vidit

252 3488 393 3544 GCCXLH
413 3494 428 3543 ‘1
448 3488 504 3542 τῶν
522 3482 730 3541 άποδεικτικῶν
745 3517 778 3528 -—
793 3483 822 3558 β’
838 3504 892 3542 om.
910 3490 992 3560 ναίμ,
1013 3506 1047 3544 ex
1064 3490 1127 3547 Par.
1148 3492 1212 3549 odo
1225 3492 1309 3547 Kutte

180 3586 229 3624 rus
300 3575 316 3623 8
335 3568 434 3637 ψυχῶν
453 3573 475 3620 V

252 3648 406 3703 CCGXLIH
424 3649 498 3703 Eud.
518 3667 545 3718 p.
565 3654 626 3704 376.
654 3649 758 3703 Verum
772 3650 915 3704 auctorem
930 3667 1003 3719 esse,
1022 3651 1069 3706 oui
1081 3652 1237 3724 Xenophon
1249 3652 1308 3706 λου

179 3729 261 3784 basin
279 3729 417 3783 edendum
435 3728 606 3782 commiserit
625 3744 658 3781 ex
676 3727 747 3782 libro
768 3728 802 3783 de
821 3729 965 3799 Syracusis
984 3731 1072 3787 efficit
1089 3732 1249 3789 θαίεολπίδ

181 3816 212 3863 11
234 3807 342 3878 ἔγραφε
361 3812 429 3877 Κυρ.
449 3809 534 3876 Eur,
553 3825 625 3877 quae
642 3825 696 3863 om.
714 3803 776 3878 ἥτις
791 3842 823 3849 -
839 3808 957 3879 φέρεται
1034 3818 1067 3866 12
1086 3813 1269 3884 Ξενοφῶντος
1283 3826 1309 3865 ox

179 3889 258 3943 libris
278 3888 334 3942 suis
353 3889 503 3956 Kooteroo,
523 3890 607 3943 anteo
624 3890 771 3958 legebatur
789 3890 856 3949 Ξεν.
872 3884 1044 3959 Ἑλληνικοῖς

249 3968 404 4023 COOXLIV
422 3986 475 4023 om.
491 3969 628 4024 Westerm.
697 3975 730 4023 21
751 3970 845 4025 extero
864 3970 949 4025 hodie
968 3970 1103 4041 epistolas
1121 3988 1193 4042 quoe
1212 3966 1307 4027 Themi·

178 4048 274 4105 stoolis
287 4065 389 4103 nomon
403 4049 575 4104 mentiantur
587 4050 698 4104 monuit
707 4051 856 4106 Kusterno:
876 4051 911 4107 of.
921 4050 1053 4119 Heroher‚
1068 4052 1158 4122 Epist
1169 4071 1196 4123 p.
1207 4058 1308 4117 λλιεοο.

251 4128 391 4185 CCCXLV
406 4130 481 4184 End.
492 4149 519 4198 p.
529 4136 589 4200 374,
605 4148 675 4199 quae
686 4147 740 4185 om.
752 4125 809 4185 ἐστι
819 4132 848 4185 et
858 4126 895 4193 ὡς
904 4162 938 4170 -
948 4130 1013 4186 exit.
1030 4128 1309 4188 TroetontMeinokol

178 4231 205 4281 p.
221 4218 281 4281 487,
300 4211 394 4280 Daub,
414 4211 448 4264 de
467 4210 542 4263 Suid.
557 4229 584 4279 p.
599 4216 652 4266 484
727 4216 761 4264 24
780 4211 819 4265 cf.
839 4210 941 4268 Athen.
961 4211 1000 4265 1ss
1018 4231 1046 4282 p.
1067 4219 1132 4284 104,
1149 4214 1201 4269 XV
1217 4232 1244 4284 p.
1258 4214 1308 4278 on,

179 4292 242 4345 XIV
256 4310 282 4360 p.
298 4298 362 4359 616,
382 4291 432 4345 sed
446 4290 606 4344 comoediae
620 4288 782 4360 Κένταυρος
798 4292 872 4360 opud
890 4292 1065 4348 Athenaeum
1079 4294 1186 4349 nullom
1203 4290 1309 4349 mentio

178 4387 243 4424 nem
256 4370 323 4425 inici
339 4371 412 4425 vidit
424 4370 605 4440 Bernhardy,
623 4371 738 4426 Suidam
752 4374 845 4443 ipsum
859 4372 997 4428 effinxisse
1010 4375 1095 4443 putat
1107 4375 1201 4442 Βακδ,
1219 4369 1310 4444 nynoi

180 4449 306 4503 fabulam
323 4451 409 4506 fuisse
428 4451 510 4504 docet
529 4449 654 4504 Meinelre
