2910 5056
655 313 867 370 Ηεεεοεεοε.
1272 317 1334 383 103

184 470 394 553 ἀκούσαντος
422 473 462 541 δέ
486 499 578 554 τινος
604 476 660 542 καὶ
689 474 924 556 έπεξελθόντος
951 480 996 566 τῷ
1026 478 1204 567 εἰρημένῳ,
1233 476 1274 546 τό
1301 504 1336 546 τε

184 579 327 666 γεγονὸς
344 577 548 668 ὡμολογήθη
568 582 623 649 καὶ
643 586 737 662 δίκας
757 585 886 649 ἔδωκαν
906 585 941 648 οί
953 588 1080 670 λῃσταί,
1100 579 1145 662 ὡς
1160 585 1194 650 ἐκ
1212 582 1335 652 τούτου

185 687 241 755 καὶ
265 692 449 776 παροιμίαν
472 689 632 774 γενέσθαι
656 691 709 754 ‘ai
727 685 861 774 Ἰβύκου
885 689 1055 777 γέρανοι’.]

275 796 535 864 OOCLXXXIH.
564 791 592 862 Ἰ
597 797 619 860 ’ὃ
632 807 679 861 αλ
686 821 731 873 ος
750 789 890 879 Ῥόδιος,
913 792 988 874 υίὸς
1006 799 1148 881 Λισσοῦ,
1167 796 1333 878 ἐποποιός.

185 900 409 991 παρεμβαλὼν
448 906 562 988 στίχον
599 906 698 991 στίχφ
736 903 890 968 έὸίπλασε
922 899 985 988 τὴν
1017 907 1153 988 ποίησιν
1180 901 1361 993 Ὀμήρουε

182 1006 339 1077 Ῥοδιακὰ
364 1012 411 1088 είς
431 1013 490 1094 ἔπη
515 1036 556 1098 ,γ
604 1012 727 1096 ἔγραψε
749 1007 804 1074 καὶ
828 1005 921 1074 ἅλλα.

178 1189 187 1201 x
277 1116 534 1185 OOCLXXXIV.
566 1111 593 1181 Ἰ
597 1110 789 1200 ὃομενεῦς
808 1112 983 1202 ἱστορικός.
1016 1119 1161 1203 ἔγραψεν
1181 1120 1333 1202 ἱστορίαν

184 1225 252 1291 τῶν
276 1219 359 1290 κατά
382 1219 623 1311 Σαμοθρᾴκην.
1087 1309 1091 1317 „

275 1330 516 1398 CCCLXXXV.
535 1325 737 1417 Ἱεροκλῆς
751 1327 940 1415 φιλόσοφος
956 1325 1198 1417 Ἀλεξανδρεύς.
1222 1323 1333 1415 [οὗτος

185 1435 266 1524 μετὰ
285 1440 346 1506 τοῦ
367 1435 529 1524 ἄτρεπτον
547 1436 602 1504 καί
622 1439 892 1524 μεγαλοπρεποῦς
911 1434 1031 1522 εὔρους
1050 1463 1084 1503 τε
1098 1436 1160 1524 τὴν
1177 1437 1332 1527 διάνοιαν
1347 1465 1373 1502 ιο

182 1547 230 1622 είς
268 1541 460 1632 ὑπερβολὴν
496 1543 550 1611 καί
586 1544 757 1630 διαφέρων
790 1540 970 1632 εῦγλωττίηι
1002 1544 1057 1609 καὶ
1089 1541 1232 1635 εύπορίηι
1264 1549 1332 1615 τῦν

181 1655 369 1719 καλλίστων
393 1646 571 1737 ὀνομάτων
589 1652 644 1719 καί
669 1653 826 1740 ῥημάτων
848 1650 1046 1737 κατέπληττε
1064 1657 1234 1739 πανταχοῦ
1253 1653 1333 1734 τοῦς

180 1755 430 1845 ἀκροωμένους.
480 1747 523 1842 ἦν
556 1756 593 1825 δὲ
625 1754 714 1849 αὐτῷ
749 1758 804 1824 καὶ
832 1755 984 1844 μαθητὴς
1011 1760 1202 1845 Θεοσέβιος,
1235 1756 1332 1846 άνήρ,

181 1873 274 1950 είπερ
302 1891 352 1943 τις
376 1852 486 1950 ἕτερος
510 1854 558 1930 ὧν
580 1861 674 1952 ἡμεῖς
698 1873 810 1950 ίσμεν,
841 1862 971 1944 είωθάς
993 1861 1194 1951 ἀποβλέπειν
1218 1868 1251 1944 ές
1274 1863 1332 1944 τάς

178 1975 248 2039 τῶν
278 1967 472 2059 άυθρύπων
496 1970 612 2063 ψυχάς.
658 1976 748 2057 ε”λεγε
772 1970 808 2037 δέ
832 1968 849 2038 ὁ
875 1968 977 2050 αὐτὸς
999 1974 1176 2058 Θεοσέβιος
1199 1971 1331 2058 ἐξηγοῦ·
1347 1997 1373 2037 15

178 2104 285 2166 μενον
315 2079 421 2164 φάναι
450 2077 529 2145 ποτέ
557 2076 618 2145 τὸν
637 2075 818 2162 Ἱεροκλέα,
845 2076 961 2163 κύβοις
985 2078 1128 2146 ἐοικέναι
1152 2078 1231 2159 τοῦς
1257 2087 1331 2146 Σω-

174 2184 326 2281 κράτους
344 2183 477 2271 λόγους·
497 2183 647 2265 άπτῦτας
665 2185 729 2272 γὰρ
749 2181 836 2253 εἶναι
857 2188 1039 2273 πανταχοῦ,
1060 2183 1124 2275 ὅπη
1140 2182 1183 2255 biv
1198 2186 1331 2254 πέσωσι.

169 2296 240 2360 τοῦ
271 2291 308 2359 δὲ
326 2288 531 2380 Ἱεροκλέους
558 2289 595 2360 τὸ
624 2290 784 2377 άνδρείον
811 2292 866 2359 καὶ
895 2291 1133 2380 μεγαλόθυμον
1162 2285 1249 2379 ἦθος
1273 2289 1331 2360 άπ-

168 2401 306 2480 έῦειξευ
334 2395 536 2485 ἡ,συμβάσα
560 2396 642 2485 τύχη
666 2398 741 2486 περὶ
765 2394 878 2465 αύτόυ.
924 2402 971 2478 είς
993 2398 1057 2485 γὰρ
1080 2399 1118 2467 τὸ
1144 2399 1330 2481 Βυζάντιον

168 2501 340 2572 άνελθῶν
376 2505 601 2592 προσέκρουσε
633 2518 704 2584 τοῖς
734 2508 909 2591 κρατοῦσι,
945 2506 1001 2572 καὶ
1034 2509 1081 2585 είς
1114 2506 1331 2595 δικαστήριον
1345 2533 1371 2573 εο

162 2598 298 2699 άχθεὶς
326 2610 478 2679 ἐτύπτετο
506 2610 564 2691 τὰς
592 2615 624 2692 ἐξ
653 2608 845 2698 ἀνθρώπων
876 2612 1014 2699 πληγάς·
1044 2612 1203 2700 ῥεόμενος
1226 2613 1263 2682 δὲ
1286 2596 1330 2703 τω

162 2723 311 2807 αἵματι,
335 2716 445 2804 βάψας
467 2724 585 2805 κοίλην
607 2716 669 2805 τὴν
692 2732 797 2807 χείρα,
820 2724 1016 2808 προσραίνει
1039 2719 1099 2788 τὸν
1122 2719 1239 2807 κριτὴν
1263 2718 1331 2808 άμα

150 2827 287 2914 λέγων
312 2827 494 2911 ’Κύκλωψ
522 2830 579 2913 τη,
602 2831 656 2894 πίε
681 2823 792 2910 οἶνον,
816 2826 885 2919 ἐπεὶ
909 2825 1013 2912 φάγες
1035 2825 1206 2916 ἀνδρόμεα
1229 2829 1330 2918 κρέα’.

152 2931 294 3020 (φυγὴν
332 2932 369 3000 δὲ
402 2933 615 3019 κατακριθείς
647 2934 702 3000 καὶ
735 2931 932 3018 ἐπανελθὼν
964 2931 1075 3024 χρόνῳ
1108 2931 1250 3022 ῦστερον
1284 2940 1330 3016 είς

136 3033 430 3128 ’.Αλεξάνῦρειαν
459 3038 720 3126 συνεφιλοσόφει
749 3038 790 3107 τὰ
819 3038 964 3107 εἰωθότα
987 3055 1056 3120 τοῖς
1079 3041 1328 3127 πλησιάζουσιν.
1344 3067 1369 3107 25

150 3152 284 3232 ἔξεστι
313 3147 351 3216 δὲ
378 3157 503 3236 μαθεῖν
530 3145 592 3233 τὴν
616 3144 819 3233 Ἱεροκλέους
846 3146 1130 3233 μεγαλογνωμονα
1160 3148 1328 3236 φρόνησιν

147 3255 243 3324 ἀπὸ
267 3259 338 3324 τῶν
361 3254 630 3342 συγγραμμάτων
654 3244 703 3321 ὧν
725 3253 894 3341 γέγραφεν
917 3257 964 3332 είς
986 3252 1026 3321 τά
1049 3257 1155 3341 χρυσᾶ
1180 3259 1239 3339 ἔπη
1261 3258 1329 3322 τάν

141 3368 445 3450 -Πνθαγορείων,
476 3363 532 3429 καὶ
569 3362 691 3448 ἑτέρων
721 3365 863 3446 βιβλίων
891 3362 966 3446 περὶ
993 3366 1156 3447 προνοίας
1183 3365 1328 3449 συχνῶν,

142 3458 219 3539 ἐν’
244 3463 297 3550 οἷς
324 3475 479 3556 φαίνεται
509 3465 526 3537 ό
555 3465 641 3554 άνηρ
669 3465 731 3554 τὴν
755 3466 817 3554 μὲν
841 3464 927 3553 ζωὴν
950 3464 1177 3556 ὑψηλόφρων,
1204 3467 1267 3555 τὴν
1292 3468 1329 3536 δὲ

151 3580 312 3660 γνοῦσιν
336 3575 397 3644 οῦκ
420 3573 581 3665 ἀκριβής]

251 3746 461 3804 OOCLXXXIII
480 3746 556 3802 Eud.
576 3764 603 3814 p.
622 3750 684 3798 403.
722 3742 760 3799 cf.
781 3745 910 3812 Dsintzer,
930 3743 980 3813 Ep.
1000 3744 1033 3798 fr.
1053 3743 1080 3797 ΙΙ
1097 3762 1124 3813 p.
1146 3750 1195 3798 113
1262 3751 1278 3799 4
1298 3738 1329 3807 ὃς

140 3829 245 3892 poss
268 3824 404 3890 ἐποποιός
427 3826 494 3880 addi
517 3826 579 3880 vult
596 3826 764 3895 Bernhardy
843 3832 859 3879 6
880 3820 974 3878 Ῥόθια
997 3826 1069 3894 sulp.
1090 3821 1222 3879 Ῥοδιακά
1241 3826 1329 3879 Βενυ-

138 3901 269 3976 hardy
290 3907 336 3961 cui
352 3907 411 3963 iure
426 3907 577 3977 displicent
596 3904 703 3974 ἔγραφε
718 3905 766 3960 καὶ
781 3901 850 3959 ἄλλα
870 3906 935 3959 ante
949 3901 1045 3958 Ῥόδια
1064 3905 1214 3972 οοΗοοοιε;
1235 3907 1329 3974 itaque

141 3988 215 4042 ad
234 3988 321 4042 finem
339 3989 414 4043 vitae
433 3987 532 4054 reieci,
552 3984 659 4055 ἔγραφε
679 3986 728 4039 καὶ
743 3977 826 4040 Ἆθλα
842 3980 936 4037 Ῥόδιοι
956 3985 1117 4039 Gutschmid

255 4065 462 4123 CCCLXXXIV
480 4067 576 4122 Alium
595 4084 653 4121 esse
674 4067 853 4120 idomeneum
873 4063 1040 4133 Spartanum
1060 4064 1135 4134 apud
1153 4063 1234 4132 Diog.
1255 4063 1292 4128 X,
1312 4068 1327 4115 3

140 4149 209 4202 et
228 4153 262 4202 10
281 4150 311 4202 st
325 4147 453 4203 Strabon.
467 4148 533 4200 iffll
551 4166 577 4216 p.
595 4150 645 4200 589
664 4147 777 4215 putavit
790 4146 947 4211 Βιίκιείνε,
967 4145 1037 4198 mire
1056 4146 1162 4213 lapsus:
1182 4160 1247 4196 nam
1267 4142 1327 4211 ipse

140 4219 230 4281 ills
248 4225 451 4296 Lampsacenus
470 4229 527 4296 est,
547 4227 581 4280 de
598 4242 652 4295 quo
668 4224 738 4278 dixit
752 4226 853 4279 Mfiller
867 4225 892 4276 ΙΙ
906 4242 934 4293 p.
945 4229 998 4278 490
1061 4231 1077 4278 8
1092 4224 1147 4277 τῶν
1167 4239 1236 4278 corr.
1252 4223 1328 4276 clin-

141 4301 246 4373 ffion,
263 4306 326 4362 fast.
341 4308 380 4360 111
399 4325 426 4377 p.
442 4312 506 4373 488,
526 4305 638 4361 Lobeck
656 4304 796 4374 Aglaoph.
816 4325 843 4374 p.
865 4311 934 4359 1266
970 4300 1021 4372 τὴν
1039 4305 1113 4372 vulp.

256 4383 446 4442 CCCLXXXV
474 4394 489 4442 9
514 4377 596 4448 οὗτος
615 4417 647 4425 -
669 4386 733 4440 exit.
754 4386 858 4440 Suidas
881 4382 1031 4452 adscripsit
1052 4399 1086 4436 ex
1104 4380 1231 4437 Damaso.
1252 4383 1327 4451 apud

153 4458 268 4520 Phot.
284 4484 309 4537 p.
328 4468 405 4523 338b
427 4465 562 4537 Hesychii
584 4466 644 4520 vita
665 4463 804 4534 neglecta.
848 4463 887 4521 Of.
906 4463 976 4519 Mus.
996 4464 1083 4517 Rhen.
1103 4461 1205 4516 XXXV
1229 4481 1255 4532 p.
1274 4468 1327 4516 213
