2910 5056
224 285 268 350 48
688 280 902 340 HESYGHIUS.

226 443 383 534 ῥητορικά
406 447 461 514 καὶ
484 444 635 515 πολιτικά
657 446 712 514 καὶ
736 446 811 535 περὶ
833 450 990 534 ποιητῶν.
1029 443 1218 533 ἠκροάσατο
1238 441 1277 512 δὲ
1297 450 1377 513 Θεο-

226 553 392 640 φράστου,
421 553 476 622 καὶ
501 548 698 640 δημαγωγὸς
718 550 880 641 Ἀθήνησι
908 555 1047 640 γέγονε]
1092 552 1284 641 συνέγραψε
1310 551 1374 636 [δέ]

226 659 331 748 συχνά
354 667 477 749 βιβλία.
523 658 623 749 [οὕτω
648 660 685 727 δέ
708 653 751 747 ἦν
781 659 914 748 σφόδρα
942 659 1120 750 εὐπρεπής,
1150 658 1194 739 ὡς
1221 660 1279 727 καὶ
1306 663 1376 727 δια-

225 767 331 855 βολὴν
346 773 461 854 λαβεῖν
477 764 527 834 ὅτι
546 767 685 852 γέγονεν
705 765 870 853 ἐρώμενος
884 768 1052 853 Κλέωνος,
1071 767 1127 835 καὶ
1145 786 1376 856 προσαγορεν·

199 877 331 960 οθηναι
359 871 424 941 ὑπό
451 900 555 942 τινων
580 870 683 940 αὐτὸν
708 873 870 960 ΔαμπετωΙ
893 875 948 941 καὶ
972 874 1281 962 Χαριτοβλέφαρον.
1331 878 1378 954 είς

226 982 309 1069 μέγα
320 981 356 1048 δὲ
371 978 488 1067 άρθεὶς
503 979 601 1065 δόξης
615 979 670 1047 καὶ
685 981 890 1068 ἐπικρατείας
903 977 968 1048 ὑπὸ
980 985 1040 1050 τοῦ
1052 980 1190 1068 φθόνον
1199 999 1376 1068 κατεστρα·

225 1084 373 1174 τηγηθη,
392 1088 447 1156 καὶ
467 1087 635 1170 ἐξελαθείς
652 1085 717 1155 ὑπὸ
740 1083 930 1173 Ἀθηναίων
949 1093 996 1168 είς
1010 1097 1182 1175 Αἴγυπτον
1200 1078 1304 1174 ἦλθε,
1323 1088 1377 1155 καὶ

226 1191 314 1281 παρά
341 1197 386 1287 τῷ
411 1199 535 1282 σωτῆρι
554 1197 751 1285 Πτολεμαίῳ
776 1199 958 1283 διατρίβων
983 1196 1121 1283 δηχθεὶς
1143 1192 1208 1262 ὑπὸ
1234 1192 1379 1274 ἀσπίδος

227 1299 391 1386 ἀπέθανε,
417 1301 471 1369 καὶ
502 1300 605 1388 ἐτάφη
633 1303 669 1369 έν
693 1305 737 1392 τῷ
762 1307 944 1390 Βουσιρίτῃ
968 1305 1075 1394 νομῷ,
1103 1307 1247 1388 πλησίον
1272 1309 1379 1370 Διοσ-

188 1433 213 1472 ιο
227 1407 354 1486 πόλεως
376 1412 434 1494 τῆς
456 1410 493 1476 ἐν
516 1423 586 1488 τοίς
610 1410 741 1492 ἕλεσιν]

315 1515 533 1582 CLXXXVII.
553 1514 768 1602 Δημοκήδη
779 1543 795 1594 ς
808 1520 1060 1603 Καλλιφῶντος,
1075 1518 1188 1604 ἱερέως
1202 1518 1242 1585 έν
1257 1521 1379 1608 Κνίδῳ

226 1622 410 1707 γενομένου
434 1619 648 1709 Ἀσκληπιοῦ,
678 1622 916 1711 Κροτωνιάτης
948 1622 1075 1708 ἰατρός,
1108 1621 1145 1703 ὃς
1181 1626 1219 1692 ἐν
1253 1629 1380 1713 Αίγίνη

227 1727 382 1815 ίάτρευσέ
400 1754 435 1796 τε
457 1729 513 1796 καὶ
532 1735 643 1816 ἔγημε,
665 1730 721 1797 καὶ
741 1730 975 1818 Πολυκράτην
983 1732 1042 1799 τὸν
1062 1730 1183 1819 Σάμου
1204 1729 1382 1818 τύραννον

226 1835 400 1922 ίάτρευσεν
428 1837 481 1903 ἐπὶ
504 1843 645 1925 χρυσίου
667 1822 843 1917 ταλάντοις
868 1836 947 1922 δύο,
975 1839 1030 1904 καὶ
1053 1834 1118 1905 ὑπὸ
1145 1844 1298 1924 Δαρείου
1320 1842 1381 1906 τοτ’

188 1967 212 2006 ιε
227 1943 364 2031 Πέρσου
395 1945 624 2031 μετεπέμφθη,
657 1945 712 2011 καὶ
747 1944 942 2029 συνεγένετο
972 1941 1062 2034 αὐτῷ
1085 1943 1217 2033 Ιχρόνον
1247 1945 1382 2013 ίκανόν.

174 2092 178 2100 ·
229 2055 374 2136 ἔγραφεν
397 2049 548 2138 ίατρικδν
571 2055 712 2137 βιβλίον.

316 2157 552 2225 CLXXXVIII.
581 2155 832 2245 Δημόκριτος
850 2155 1116 2246 Ἡγησιστράτου
1140 2158 1190 2248 (οί
1215 2156 1255 2225 δὲ
1280 2154 1383 2246 Ἀθη-

227 2269 385 2351 νοκρίτου
408 2259 428 2349 ἢ
448 2264 700 2353 Δαμασίππου),
723 2263 870 2350 γεγονὼς
893 2262 948 2332 ὅτε
966 2264 1021 2332 καί
1041 2264 1223 2354 Σωκράτης
1242 2262 1262 2332 δ
1282 2265 1383 2351 φιλό-

228 2367 456 2456 σοφος,’κατὰ
479 2371 541 2458 τὴν
568 2370 616 2452 οζ’
641 2369 906 2459 ὀλυμπιάδα(οί
927 2370 963 2439 δὲ
986 2371 1069 2440 κατὰ
1091 2369 1153 2460 τὴν
1180 2368 1216 2438 π’
1242 2375 1381 2462 φασίν),

187 2503 213 2542 ιο
225 2475 418 2566 Ἀβδηρίτης
441 2479 476 2544 ἐκ
499 2477 646 2566 Θράκης,
670 2476 868 2564 φιλόσοφος,
892 2476 1043 2565 μαθητὴς
1065 2476 1148 2545 κατά
1171 2504 1267 2556 τινας
1287 2474 1384 2546 Ἀνα-

227 2584 372 2673 ξαγόρου
399 2586 455 2651 καὶ
479 2588 687 2670 Λευκίππου,
716 2581 760 2663 ὡς
788 2587 827 2653 δέ
847 2603 951 2669 τινες,
975 2587 1029 2653 καί
1054 2584 1186 2672 Μάγων
1209 2584 1268 2651 καὶ
1292 2591 1384 2652 Χαλ-

228 2696 334 2759 δαίων
358 2695 511 2780 Περσῶν.
557 2681 641 2777 ἦλθε
673 2689 737 2778 γὰρ
769 2691 825 2758 καί
858 2696 904 2770 είς
927 2691 1060 2779 Πέρσας
1087 2691 1143 2758 καὶ
1164 2687 1297 2770 Ἰνδοδς
1326 2690 1384 2759 καὶ

228 2804 448 2886 Αἰγυπτίους,
471 2799 526 2866 καὶ
549 2796 588 2865 τά
611 2795 688 2882 παρ’
716 2797 864 2879 ἑκάστοις
888 2801 1071 2885 ἐπαιδεύθη
1094 2796 1200 2885 σοφά,
1228 2795 1302 2865 εἶτα
1329 2801 1385 2866 έπ-

227 2911 372 2992 ανηλθε,
404 2905 459 2973 καὶ
492 2919 561 2985 τοῖς
594 2902 754 2992 άδελφοίς
786 2909 893 2992 συνῆν
923 2903 1093 2996 Ἡροδότῳ
1125 2905 1180 2972 καὶ
1214 2905 1383 2996 Δαμάσῳ.

190 3037 216 3076 τε
230 3006 308 3101 ἦρξε
328 3012 365 3080 δέ
384 3013 420 3080 έν
437 3009 612 3100 Ἀβδήροις
631 3009 688 3078 διδι
706 3010 768 3098 τὴν
789 3014 910 3081 ἑαυτοῦ
929 3018 1053 3100 σοφίαν
1072 3017 1233 3100 τιμηθείς.
1273 3022 1385 3099 μαθη-

302 3233 738 3307 1ἠκροάσατο-βιβλίαοιιι,2
784 3223 1120 3296 3ὀῧτιοςΔυιῖτοςεοοΙθ
1131 3234 1216 3289 Βαυί)
1259 3235 1386 3290 4Κλέω-

228 3338 278 3381 νος
296 3317 394 3387 scripsi
413 3334 475 3371 eum
494 3315 575 3383 Diog.
595 3312 627 3381 V,
648 3318 681 3367 '16
701 3311 818 3376 Νέωνος
837 3315 916 3369 codd.
939 3315 1005 3370 Pur.
1026 3316 1093 3369 etE
1115 3313 1180 3377 νέος
1202 3307 1243 3368 δν
1268 3316 1347 3386 ναῖς.

228 3406 244 3454 8
268 3399 445 3468 πτωλεμαίῳ,
464 3399 497 3451 ub
514 3395 600 3461 solet,
619 3398 642 3444 Δ
716 3399 748 3448 10
768 3392 857 3450 ἕλεσιν
876 3400 899 3447 Δ
919 3394 991 3450 ἕλεσι
1010 3396 1059 3451 rel.

300 3476 475 3532 CLXXXVII
494 3493 547 3531 om.
569 3474 705 3529 Westerm.
725 3474 801 3534 Εκά.
820 3496 846 3546 p.
866 3482 932 3545 224,
956 3493 1028 3546 quae
1049 3493 1103 3532 om.
1123 3477 1332 3547 Καλλιφῶντος
1352 3511 1386 3520 -

226 3553 386 3626 Ἀσκληπιοῦ
407 3559 436 3612 eb
455 3551 486 3619 ὃς
506 3587 538 3596 -
559 3551 667 3609 ἱκανόν.
706 3553 746 3608 De
766 3556 865 3610 eodem
884 3556 978 3626 agitur
997 3556 1098 3612 Athen.
1118 3556 1170 3610 XII
1190 3575 1217 3628 p.
1237 3563 1295 3612 622

231 3645 263 3692 14
291 3639 340 3692 τοῦ
366 3635 479 3706 Πέρσου
508 3654 561 3691 om.
585 3641 608 3688 V
700 3642 732 3689 16
759 3633 884 3706 ἔγραψεν
911 3669 943 3677 -
970 3636 1035 3692 exit.
1058 3643 1081 3690 V
1111 3634 1236 3708 ἔγραψεν
1267 3638 1387 3710 ἰατρικά

230 3719 323 3791 βιβλία
342 3718 413 3772 δέκα
428 3718 514 3784 Eud„
533 3715 608 3784 quod
627 3716 657 3769 in
669 3717 772 3771 nostris
788 3716 888 3772 Suidee
903 3717 1108 3787 exemplaribus
1123 3734 1189 3772 cusu
1202 3719 1387 3779 intercidisse

229 3798 349 3852 coniecit
362 3798 447 3851 Πανί)
463 3795 595 3866 ἰατρικῶν
609 3797 702 3851 Duub.
732 3796 890 3865 Sequuntur
904 3797 979 3867 apud
996 3797 1111 3861 Suidem
1126 3798 1271 3854 uberiores
1286 3819 1386 3857 nerra-

229 3878 320 3932 tiones
339 3876 456 3930 haustae
476 3893 510 3930 ex
528 3876 659 3930 Heroden
680 3878 731 3945 ΙΙΙ,
754 3882 803 3931 129
823 3881 851 3933 et
872 3884 922 3932 133

300 3956 486 4011 CLXXXVIII
506 3954 545 4010 ef.
566 3956 660 4026 Steph.
680 3956 744 4026 Byz.
764 3976 789 4011 u.
804 3952 931 4032 Ἄβδηρα.
975 3957 1014 4012 cf.
1034 3959 1136 4013 Miiller
1153 3959 1180 4013 ΙΙ
1198 3977 1226 4030 p.
1246 3966 1287 4016 24

230 4045 262 4094 19
282 4034 354 4092 κατὰ
374 4034 426 4106 τὴν
446 4069 478 4077 -
499 4038 586 4104 φασίν
604 4053 658 4091 om.
677 4043 700 4090 V
772 4045 806 4092 20
826 4036 897 4093 κατά
916 4059 996 4100 τινας
1015 4056 1067 4094 om.
1087 4045 1110 4092 V
1189 4046 1223 4096 21
1242 4041 1298 4096 καὶ
1316 4047 1386 4100 anbe

229 4119 347 4188 Περσῶν
361 4118 478 4172 inseruit
486 4115 652 4187 Bernhardy
671 4119 789 4185 Περσῶν
799 4151 831 4159 -
844 4115 981 4191 Δαμάστῃ
992 4136 1046 4173 um.
1057 4126 1080 4173 V
1094 4121 1213 4189 Περσῶν
1227 4122 1284 4178 del.
1296 4125 1385 4181 Daue

228 4207 261 4254 22
281 4191 353 4270 ἦλθε
369 4233 402 4241 -
418 4195 513 4268 ἰατρός
530 4197 647 4253 fortasse
666 4197 765 4253 lectori
781 4201 931 4269 debentur,
951 4199 999 4270 qui
1012 4200 1092 4270 Diog.
1108 4201 1160 4270 IX,
1176 4208 1191 4256 Ἰ
1212 4203 1386 4274 compilavit

229 4289 261 4336 23
281 4277 350 4351 παρ’
372 4276 490 4348 ἑκάστης
503 4284 526 4331 Δ
583 4283 617 4331 24
636 4276 772 4352 Δαμάστη
791 4283 856 4336 libri
875 4276 1001 4352 Δαμάσῳ
1021 4295 1091 4334 corr.
1108 4281 1221 4351 Μαηαη,
1240 4283 1279 4336 ad
1297 4282 1383 4356 Diog.

228 4362 280 4432 IX,
295 4369 341 4431 39,
361 4362 459 4427 δίαινε,
476 4358 586 4413 Hellen.
606 4377 631 4428 p.
649 4364 681 4412 15
701 4361 765 4416 coll.
780 4363 851 4420 Plin.
866 4363 932 4417 hist.
946 4379 973 4413 n.
989 4359 1092 4426 XVIII,
1107 4365 1140 4414 35
1214 4367 1247 4416 25
1267 4357 1382 4432 ὑπῆρξε

228 4444 313 4498 Duub
350 4439 397 4497 διά
413 4438 464 4512 τὴν
479 4443 583 4512 σοφίαν
598 4435 697 4510 αὐτοί,
713 4433 746 4497 οὖ
761 4437 905 4515 ἀκροατὴς
919 4439 969 4496 καὶ
982 4435 1319 4512 μαθητὴςΜητρόδνρος
1329 4437 1383 4499 <IV
