2910 5056
626 293 840 351 Hnsrofflos.
1262 297 1304 362 69

155 455 226 521 τῶν
257 451 341 521 κατὰ
371 459 578 542 φιλοσοφίαν
610 457 788 544 αἱρέσεων,
824 456 899 542 περὶ
932 453 1088 543 ἀλυπίας,
1125 458 1305 545 διαλόγους

156 560 303 641 πολλοὺς
325 561 381 629 καί
404 560 612 649 γραμματικά
637 562 752 651 συχνά.

247 669 383 738 (lc-LXI.
421 666 636 755 [Ἐρέννιος
664 666 681 738 ὁ
714 673 828 737 Φίλων
856 667 873 738 ὁ
902 669 1063 758 Βύβλιος,
1092 667 1110 739 ὁ
1136 668 1305 759 Ἐρέννιος

156 781 372 866 χρηματίσας,
397 773 442 856 ὦς
458 765 562 856 ἀὐτός
584 782 711 864 φησιν]

246 883 400 952 OOLXH.
420 881 582 971 Ἔριφος
604 881 756 969 κωμικός.
790 887 858 951 τῶν
883 882 1062 971 δραμάτων
1084 883 1189 955 αὐτοῦ
1212 889 1328 956 έστινᾶ

154 999 289 1076 Αίολος,
313 991 514 1077 Πελταστής,
538 994 717 1076 Μελίβοια,
742 988 786 1070 ὥς
809 1009 914 1078 φησιν
930 987 1108 1077 Ἀθήναιος
1132 992 1169 1061 ἐν
1191 998 1236 1087 τῷ
1260 994 1303 1062 ιδ’

155 1101 224 1167 τῶν
247 1095 537 1183 Δειπνοσφισιῶν.

245 1203 416 1272 OGLXIII.
444 1198 689 1289 Ἑρμαγόρας
710 1199 947 1290 Ἀμφιπολίτης
969 1202 1170 1293 φιλόσοφος,
1193 1217 1302 1295 μαθη-

152 1308 215 1398 τὴς
232 1315 412 1399 Περσαίου.
451 1308 603 1395 διάλογοι
623 1306 727 1377 αὐτοῦ
746 1309 918 1396 μισοκόων
936 1308 956 1397 ἢ
976 1312 1051 1401 περὶ
1071 1308 1301 1401 ἀτυχημάτων,

153 1423 293 1505 έκχυτον
318 1419 401 1506 (ἔστι
425 1416 462 1483 δὲ
487 1412 681 1509 ςόοσκοπία),
704 1417 780 1504 περὶ
808 1424 999 1504 σοφιστείας
1021 1417 1104 1505 πρὸς
1122 1419 1201 1501 τοὺς
1220 1419 1298 1490 άκα-
1313 1439 1340 1479 1⁰

152 1522 346 1613 δημαλκοός.

243 1631 410 1701 OOLXIV.
451 1626 697 1718 Ἑρμαγόρας
720 1633 798 1718 <έκ>
830 1631 967 1719 Τήμνου
996 1635 1053 1720 τῆς
1076 1638 1250 1720 Αίολίδος,
1281 1632 1299 1703 ὃ

151 1737 344 1826 ἐπικληθεὶς
362 1742 518 1824 Καρίων,
543 1736 662 1823 ῥήτωρ.
699 1738 815 1825 τέχνας
834 1738 1009 1827 ῥητορικάς
1033 1743 1069 1809 έν
1093 1746 1236 1827 βιβλίοις
1254 1742 1300 1829 ς’,

149 1849 229 1935 περὶ
243 1848 442 1936 ἐξεργασίας,
455 1845 531 1931 περὶ
545 1846 738 1931 πρέποντος,
753 1846 828 1935 περὶ
843 1844 1008 1933 φράσεως,
1021 1848 1096 1933 περὶ
1112 1846 1298 1935 σχημάτων.

150 1957 327 2023 ἐπαίδευσε
356 1950 392 2019 δὲ
426 1941 524 2030 οὗτος
550 1949 630 2037 μετὰ
658 1956 818 2019 Κεκιλίου
846 1954 883 2020 έν
907 1950 1014 2041 Ῥεόμη
1044 1952 1096 2020 ἐπὶ
1125 1958 1298 2040 Καίσαρος
1314 1971 1338 2011 15

150 2059 355 2148 Αὐγούστου
376 2058 433 2125 καὶ
455 2061 590 2147 τελευτᾷ
614 2057 728 2144 πόρρω
751 2061 809 2143 τῆς
831 2055 968 2144 ἡλικίας.

242 2167 392 2236 CCLXV.
405 2161 585 2252 Ἑρμείας
598 2164 797 2251 φιλόσοφος,
810 2163 1000 2252 Ἀμμωνίου
1014 2163 1298 2253 καὶἩλιοδωρου,

148 2279 219 2346 τῶν
244 2270 456 2342 διδασκάλων
477 2276 686 2359 Δαμασκίου,
709 2271 826 2359 πατήρ.
859 2264 916 2358 [ἦν
940 2271 977 2339 δέ
997 2270 1014 2341 ὁ
1031 2271 1183 2360 Ἑρμείας
1202 2280 1300 2360 φίλος

148 2386 184 2464 ἐς
207 2380 248 2452 τά
272 2380 413 2470 μάλιστα
436 2378 594 2469 Αίγόπτω
618 2366 754 2469 άδελφῷ
778 2378 955 2466 Θεοδότης,
978 2378 1102 2467 μητρὸς
1121 2377 1298 2467 Ἰσιδοόρου

149 2487 357 2578 φιλοσόφου·
381 2484 399 2556 ό
426 2487 463 2556 δὲ
487 2496 657 2573 Αίγυπτος
679 2479 722 2572 ἦν
746 2486 963 2573 φιλομαθής]
1311 2505 1353 2569 oo⁴

224 2694 239 2742 1
259 2682 407 2757 διαλόγους
426 2688 572 2749 πλείστους
590 2683 638 2739 καὶ
657 2679 728 2737 άλλα
746 2679 810 2738 τινά
830 2683 905 2737 Eud.

221 2768 328 2824 CCLXI
347 2785 401 2824 om.
417 2768 555 2822 Westerm.
582 2765 663 2821 Certe
677 2766 738 2820 tote
752 2764 846 2833 gloeso
860 2780 893 2817 ex
906 2762 967 2818 vite
981 2764 1107 2820 Philonis
1122 2767 1295 2836 deprompta,

148 2849 197 2905 ubi
221 2849 257 2904 ad
281 2848 386 2904 calcem
409 2847 542 2903 adiuncta
565 2848 626 2900 erat
649 2839 703 2915 (ὅτι
729 2838 838 2907 Inatos
862 2842 978 2914 γέγονεν
1001 2841 1016 2898 ὃ
1043 2848 1133 2899 Φίλων
1156 2842 1298 2915 Ἐρέννιος

148 2932 334 3003 χρηματίσας,
354 2925 391 2993 ὡς
410 2923 496 2990 αάτός
515 2929 612 2997 φησιν)
685 2932 700 2980 3
722 2928 780 2981 Φιλ.
800 2921 815 2979 ὃ
836 2931 866 2979 Β.
885 2928 957 2995 vulp.
978 2922 992 2980 δ
1014 2929 1045 2981 Φ.
1065 2922 1079 2981 ὁ
1101 2928 1211 2998 Βίβλιος
1225 2934 1279 2981 Ait

220 3008 340 3064 COLXII
359 3009 432 3064 Εκδ,
453 3027 480 3078 p.
500 3014 560 3063 291.
596 3006 725 3060 Meineke
745 3006 758 3059 I
775 3024 802 3074 p.
822 3011 875 3061 420
894 3009 923 3061 et
940 3006 1034 3075 Deub,
1054 3007 1088 3061 de
1103 3007 1179 3063 Snid.
1199 3027 1227 3078 p.
1244 3015 1295 3064 483

147 3097 164 3147 5
184 3087 260 3147 ἐστίν
280 3107 333 3146 om.
348 3090 424 3144 Ειιδ.
481 3094 496 3142 6
516 3083 553 3150 ὡς
567 3119 601 3127 -
616 3085 681 3141 exit.
701 3103 753 3140 om.
769 3086 845 3141 Εκιλ.
900 3105 952 3156 pro
970 3084 1010 3141 ιδ’
1026 3105 1095 3144 oorr.
1111 3086 1139 3142 δ’
1158 3090 1294 3147 Weeterm.

147 3171 211 3226 coll.
226 3169 329 3224 Athen.
344 3170 383 3224 IV
396 3189 424 3240 p.
441 3175 492 3223 134
506 3170 535 3222 et
550 3174 610 3237 137,
625 3162 658 3221 ιε’
673 3166 821 3237 propoenIt
833 3167 997 3237 Doobpoll.
1011 3167 1113 3224 Athen.
1128 3167 1180 3221 XV
1193 3187 1219 3237 p.
1234 3175 1294 3224 693.

146 3251 189 3307 De
206 3250 349 3305 Meliboea
366 3269 392 3305 v.
414 3249 512 3304 Athen.
533 3247 572 3302 ΙΙΙ
590 3266 617 3317 p.
637 3252 684 3314 84,
703 3246 755 3300 Vll
773 3265 801 3316 p.
821 3253 888 3315 302,
907 3247 958 3301 XV
978 3266 1003 3317 p.
1025 3254 1076 3302 693

219 3329 354 3387 GCLXIII
371 3330 447 3384 Eud.
466 3348 493 3399 p.
513 3335 564 3383 302
656 3334 671 3382 9
696 3325 833 3396 φέρονται
852 3321 941 3381 αότοό
964 3323 1090 3396 διάλογοι
1109 3326 1198 3394 Eue,
1223 3345 1295 3397 quae

147 3409 265 3482 ἔκχυτον
289 3412 412 3466 extremo
436 3410 498 3464 loeo
520 3408 648 3464 laudavit
737 3403 755 3476 ἢ
778 3409 843 3478 περὶ
862 3409 937 3465 End.
962 3406 1075 3478 seripeIt
1099 3406 1236 3462 Westerm.
1263 3405 1293 3462 α’

147 3493 214 3562 περὶ
231 3493 304 3562 ναῖς.
325 3487 356 3544 α’
376 3508 430 3546 om.
448 3495 495 3542 BE

220 3571 354 3629 CCLXIV
373 3572 448 3627 End.
467 3589 494 3639 p.
514 3575 574 3626 286.
611 3569 652 3624 De
671 3569 777 3624 Temno
796 3587 821 3625 v.
842 3568 942 3622 Strabo
961 3566 1026 3621 XIII
1044 3586 1070 3636 p.
1091 3574 1141 3621 621
1210 3576 1242 3624 12
1263 3566 1294 3624 ἐκ

150 3657 182 3711 Τ.
199 3670 268 3709 corr.
289 3653 434 3708 Reioesine
453 3646 485 3706 έκ
507 3667 559 3706 om.
579 3649 644 3703 libri
733 3655 764 3703 13
784 3650 906 3718 Καρίων.
926 3644 1061 3717 βητορικόο
1079 3650 1152 3717 only.
1171 3651 1294 3716 Καρίων.
1360 3707 1363 3713 A

147 3729 297 3803 ῥητορικάς
315 3737 374 3789 ΔΙδ.
398 3729 496 3803 βήτωρ.
516 3728 617 3800 τέχνας
636 3725 785 3801 ρἠτορικάς
804 3745 818 3783 θ
838 3728 917 3784 codd.
932 3726 994 3782 Par.
1010 3727 1148 3784 Κκείετκε
1186 3727 1292 3800 ἔγραψε

148 3811 265 3882 μελέτας
286 3807 434 3885 ῥητορικάς
453 3812 528 3866 Eoo.
605 3818 636 3864 14
659 3811 724 3880 post
746 3807 902 3878 πρέποντος
925 3809 988 3863 add.
1009 3809 1086 3864 End.
1110 3811 1174 3878 περὶ
1197 3806 1294 3865 κοίλων

148 3892 197 3952 καλ
214 3888 356 3962 περιόδων
374 3907 446 3961 quae
464 3892 550 3946 verbo
567 3889 609 3945 nil
627 3889 681 3944 nisi
697 3889 958 3959 interpretationem
976 3890 1043 3944 libri
1061 3890 1125 3960 περὶ
1144 3886 1294 3962 σχημάτων

149 3971 292 4026 continere
309 3988 366 4026 non
383 3970 533 4040 persuadet
551 3971 649 4038 Daret,
667 3970 732 4039 περὶ
751 3965 841 4024 κάλον
860 3968 909 4024 καλ
928 3966 1071 4040 κόμματος
1089 3970 1138 4025 καλ
1157 3967 1292 4039 περιόδου

150 4050 259 4120 scripsit
275 4051 416 4106 Laehares
435 4050 479 4120 (cf.
499 4069 525 4106 v.
541 4046 683 4120 Λαχάρης)
703 4047 852 4120 σχημάτων
871 4047 1026 4118 όητορικῶν
1049 4049 1096 4104 καί
1116 4047 1186 4104 άλλα
1205 4046 1292 4103 πολλά

150 4128 225 4185 Eud.
244 4126 345 4184 ceteris
365 4129 470 4184 omissis
544 4135 577 4183 15
596 4131 727 4184 Κεκιλίου
746 4135 796 4183 AV
820 4131 955 4185 Westerm.
976 4131 1123 4184 Kaineiton
1142 4131 1213 4197 vulp.

219 4208 338 4264 CCLXV
361 4206 402 4262 cf.
416 4207 504 4276 Diels,
523 4207 592 4264 Dox.
606 4226 632 4276 p.
648 4215 700 4264 259
710 4227 766 4279 seq.
836 4215 869 4264 18
892 4201 928 4278 ἦν
950 4207 982 4264 δὲ
1003 4225 1059 4278 seq.
1080 4227 1133 4264 om.
1152 4214 1175 4260 V
1197 4207 1292 4277 itaque

153 4304 185 4343 ex
201 4288 348 4344 Domasoio
366 4288 513 4344 necessisse
537 4289 682 4359 probabile
697 4291 747 4343 est.
768 4289 871 4343 Verum
890 4288 961 4343 vidit
976 4290 1149 4358 Bernhardy.
1214 4286 1293 4356 φιλό-

155 4384 236 4436 σοφος
253 4374 309 4425 nn.
391 4375 425 4423 20
449 4367 566 4423 Addidit
587 4369 722 4435 nonnulla
746 4368 846 4423 suidas
869 4387 902 4424 ex
921 4368 1067 4424 Damascio
1086 4366 1169 4422 Phot.
1192 4387 1220 4438 p.
1240 4374 1289 4422 341

156 4445 282 4520 decerpta
