2910 5056
520 303 804 370 PROLEGOMENA.
1174 305 1237 360 LXI

87 493 155 536 non
176 469 322 556 exstet.¹)
360 471 427 536 Nec
447 471 553 535 minus
577 470 724 554 dubium,
746 492 824 534 num
843 468 1045 535 Eustathii
1065 469 1235 556 Epipha-

86 577 235 642 niensis
265 575 434 643 Chronicis
464 575 595 663 (quibus
625 599 677 641 res
709 577 749 641 ab
780 576 890 641 Aenea
918 581 1027 661 gestae
1063 599 1161 660 usque
1195 577 1235 641 ad

86 685 307 750 Anastasium.
324 685 553 768 imperatorem
577 682 842 771 continebantur)
865 682 1048 768 Hesychius
1077 707 1154 747 usus
1183 684 1235 763 sit,
1325 724 1327 728 ψ

87 813 169 875 quae
189 791 285 876 paulo
305 794 380 874 post
399 791 538 855 Malalae
558 790 688 874 saepius
707 795 836 874 praesto
855 791 1000 874 fuerunt,
1024 791 1176 874 quoniam
1196 812 1234 853 ex

85 897 281 989 fragmentis
305 898 345 963 ab
366 898 493 964 Mhller.
511 897 559 963 IV
576 921 607 981 p.
624 898 686 963 138
707 919 772 982 seq.
791 897 936 962 collectis
960 896 1078 960 dehac
1101 918 1134 960 re
1153 895 1235 960 nihil

89 1006 270 1070 edocemur.

177 1130 227 1194 De
251 1130 324 1194 aliis
347 1130 501 1213 fontibus,
525 1134 698 1215 postquam
723 1130 809 1194 viam
833 1129 1040 1193 muniverunt
1060 1126 1235 1193 Schneider
1259 1132 1279 1208 ἓ
1299 1130 1318 1192 9

87 1241 121 1301 et
145 1236 375 1314 Wachsmnth,
404 1236 583 1320 disputavit
609 1236 719 1320 Daub,
746 1237 785 1301 de
815 1234 902 1301 Suid.
930 1259 959 1320 p.
982 1235 1150 1319 431'seq,
1181 1236 1236 1318 qui

86 1343 257 1409 duodecim
281 1343 458 1407 Philonis
487 1342 588 1407 libros
616 1341 689 1427 περὶ
712 1339 857 1426 κτήσεως
880 1344 1021 1425 βιβλίων
1045 1343 1080 1406 in
1099 1342 1234 1426 quadra-

86 1451 181 1534 ginta
203 1448 270 1513 fere
294 1449 368 1513 vitis
392 1454 559 1515 auctorum
584 1450 680 1533 primi
704 1450 824 1514 saeculi
847 1472 878 1534 p.
900 1446 958 1514 Oh.
982 1448 1145 1514 adhibitos
1165 1471 1235 1514 esse

87 1557 271 1640 suspicatus
300 1560 359 1621 est.
405 1555 578 1622 Praeterea
605 1560 713 1621 autem
742 1557 780 1620 de
809 1556 913 1620 altero
943 1578 1069 1640 quoque
1093 1556 1235 1622 eiusdem

87 1663 207 1728 aetatis
226 1663 316 1729 fonte
336 1662 508 1748 cogitavit,
531 1662 569 1727 de
588 1662 794 1748 Hermippi
818 1661 973 1753 Berytii
995 1660 1070 1745 περὶ
1089 1660 1235 1741 ἐνδόξων

86 1765 227 1855 ἀνδρῶν
246 1791 356 1854 opere,
380 1769 469 1834 cuius
489 1770 572 1835 libro
592 1770 705 1855 quinto
729 1770 783 1853 agi
802 1769 977 1834 affirmavit
994 1766 1069 1852 περὶ
1088 1766 1236 1848 ἐνδόξων

87 1878 224 1961 ἰατρῶν.
261 1875 407 1951 Quorum
425 1880 577 1941 neutrum
600 1881 687 1941 recte
711 1898 744 1940 se
768 1875 888 1940 habere
912 1897 1014 1959 neque
1037 1875 1161 1940 idoneis
1184 1899 1236 1940 ar-

87 1984 254 2068 gumentis
272 1983 403 2067 probari
424 2005 519 2067 posse
539 1984 604 2047 dixi
624 1982 741 2048 Annal.
760 1981 838 2067 phil.
857 1982 941 2046 1880
958 2005 989 2065 p.
1004 1981 1068 2047 829
1079 2005 1144 2067 seq.
1168 1982 1235 2047 Nec

85 2091 196 2154 minus
211 2089 387 2174 Telephi,
406 2088 566 2156 Hadriani
581 2090 733 2174 aequalis,
748 2084 903 2173 βιβλιακὴ
922 2088 1083 2172 ἐμπειρία,
1098 2089 1235 2154 Damo-

86 2196 191 2280 phili
219 2193 432 2280 φιλόβιβλος,
461 2195 599 2261 Sorani
627 2196 796 2261 iunioris
824 2197 893 2279 βίοι
924 2196 1047 2279 ἰατρῶν
1078 2200 1236 2280 tanquam

84 2301 248 2387 Hesychii
271 2303 376 2368 fontes
401 2301 578 2368 reiciendos
602 2325 672 2367 esse
697 2303 805 2384 docui,
829 2303 947 2386 quippe
971 2302 1026 2387 qui
1044 2302 1133 2366 nullo
1154 2303 1235 2366 vita·

85 2432 161 2473 rum
181 2411 252 2474 loco
272 2410 312 2474 ab
327 2408 491 2493 Hesychia
511 2410 690 2474 laudentur.
724 2409 848 2473 Deinde
867 2409 951 2472 idem
970 2409 1008 2473 de
1024 2408 1111 2474 Suid.
1125 2433 1155 2493 p.
1170 2409 1234 2474 468

85 2537 128 2579 ex
142 2515 187 2599 gl.
198 2509 410 2599 Ἀριστείδης,
422 2510 606 2599 Ἀδριανός,
614 2509 956 2601 Ἀστάσιος,Ἡρω’δης
966 2516 1006 2580 al.
1016 2514 1135 2578 librum
1151 2515 1236 2598 quod
1257 2562 1259 2566 ι

86 2618 377 2707 ἐπιδεντέρονς
396 2619 567 2708 ῥήτορας
585 2617 680 2686 κατὰ
699 2618 1180 2706 yodvovgcomprehenderet,
1194 2623 1236 2686 ab

87 2726 258 2812 Hesychio
277 2728 312 2791 in
331 2729 407 2794 vitis
426 2717 595 2794 rhetorum
610 2729 879 2812 posthadrianeae
895 2729 1011 2792 aetatis
1025 2728 1236 2812 compilatum

86 2856 159 2899 esse
184 2835 366 2919 suspicatus
391 2839 454 2920 est,
481 2836 555 2920 sed,
579 2836 606 2900 si
632 2858 682 2899 me
710 2833 815 2919 ouilia,
838 2835 892 2900 vix
915 2834 1137 2918 probabiliter.
1183 2833 1235 2897 Li-

86 2943 183 3007 brum
204 2945 313 3006 autem
336 2940 425 3026 περὶ
449 2937 698 3027 εὑρημάτων,
722 2943 812 3007 cuius
831 2964 906 3026 pars
926 2941 1055 3007 fluxerit
1073 2962 1111 3005 ex
1130 2941 1235 3005 tribus

88 3049 280 3114 Aristotelis
309 3050 402 3115 libris
430 3047 506 3134 περὶ
534 3050 706 3133 ποιητικῆς
733 3049 783 3114 vel
811 3071 849 3113 ex
872 3048 1059 3114 didascaliis
1083 3048 1166 3131 eius,
1194 3048 1234 3112 ab

87 3154 253 3240 Hesychio
278 3153 343 3243 (vel
367 3153 481 3243 suida)
505 3158 539 3221 in
559 3155 747 3220 enarrandis
766 3159 934 3240 poetarum
954 3156 1029 3220 vitis
1049 3159 1235 3238 excerptum

89 3284 160 3328 esse
182 3285 248 3329 non
265 3263 418 3348 probavit
436 3263 636 3341 Volkmann,
660 3262 697 3326 de
717 3260 802 3326 Suid.
821 3285 850 3346 p.
866 3263 909 3327 20
923 3265 990 3328 not.
1017 3259 1128 3345 Neque
1148 3249 1248 3324 deniss

89 3390 152 3453 que
171 3390 289 3454 operae
308 3371 447 3454 pretium
467 3373 517 3434 est
531 3370 671 3434 refutare
691 3391 742 3454 ea,
761 3390 843 3454 quae
857 3368 981 3452 Maass,
1004 3367 1112 3452 Biogr.
1126 3390 1157 3450 p.
1173 3367 1236 3431 120

88 3496 155 3560 seq.
170 3475 208 3540 de
223 3475 436 3541 Phavorini
450 3476 587 3542 historia
602 3477 774 3561 omnigena
788 3475 1006 3540 hallucinatus
1022 3478 1106 3560 erat,
1125 3475 1236 3558 inepta

87 3581 176 3644 enim
198 3603 269 3645 esse
292 3581 378 3648 inter
401 3606 512 3650 omnes
535 3585 601 3647 iam
627 3585 764 3648 constat.

179 3705 288 3772 Pauca
310 3709 409 3773 etiam
433 3708 471 3774 de
496 3705 728 3792 Sophronio,
751 3707 771 3771 i.
795 3729 821 3772 e.
844 3718 961 3792 graeca
982 3706 1174 3789 Hieronymi
1197 3705 1236 3769 de
1260 3711 1279 3790 ξ
1302 3710 1342 3774 10

88 3812 169 3877 viris
197 3812 379 3880 illustribus
408 3815 568 3899 versione,
598 3816 757 3881 monenda
785 3817 873 3897 sunt,
902 3835 984 3897 quae
1012 3814 1077 3878 iam
1106 3813 1236 3897 vulgavi

87 3917 172 3985 Mus.
195 3919 299 3986 Rhen.
322 3919 462 3986 XXXVI
485 3945 515 4006 p.
535 3922 600 3987 624
619 3945 684 4007 seq.
711 3920 766 3984 'In
790 3916 907 3984 Suidae
935 3920 1039 3985 lexico
1063 3919 1161 3984 haece
1184 3941 1235 3983 ex·

88 4030 163 4090 tant
187 4024 381 4112 Hieronymi
404 4029 505 4093 vitae:
538 4028 568 4115 1)
593 4028 707 4094 Basilii
731 4027 894 4112 Ancyram
918 4027 959 4113 (c.
979 4024 1081 4114 89)²),
1114 4026 1157 4111 2)-
1171 4024 1235 4089 Da-

163 4292 189 4360 1)
210 4289 265 4345 va
283 4288 468 4359 probabiliter
486 4291 580 4361 naus,
602 4293 681 4349 scus.
701 4310 729 4362 p.
746 4297 796 4346 ιιι
812 4308 870 4361 seq.
888 4309 973 4346 unam
991 4272 1128 4360 Ρωιτςω
1146 4288 1234 4345 viram

86 4370 264 4441 Eugenatori
282 4371 378 4426 deberi
397 4371 554 4442 suspicatus
572 4377 623 4428 est.
653 4373 784 4427 Ceterum
799 4371 833 4426 ol.
850 4370 926 4425 Suid.
943 4389 967 4424 v.
986 4365 1189 4439 Εὐγενάτορος.

160 4454 188 4519 2)
213 4450 326 4504 Contuli
351 4450 513 4521 Hieronymi
537 4453 701 4518 editionem,
726 4469 810 4521 quam
834 4450 943 4506 curavit
966 4449 1091 4518 Herding
1112 4450 1235 4520 (Lipsiae
