2880 5054
184 289 248 353 182
643 287 857 346 HESYCHIUS.

274 449 338 535 [ὅτι
361 448 399 518 τδ
419 454 553 535 βιβλίον
574 455 769 535 Προκοπίου
788 446 825 517 τδ
847 448 1056 536 καλούμενον
1072 445 1247 517 Ἀνίκδοτα
1262 447 1311 531 ψό-

182 587 263 647 γους
291 560 346 626 καὶ
371 561 550 647 κωμῳδίαν
571 555 813 624 Ἰουστινιανού
843 558 1006 642 βασιλέως
1028 557 1171 645 περιέχει
1193 556 1248 625 καὶ
1267 560 1313 645 τής

183 665 288 734 αὐτοῦ
311 661 473 751 γυναικὸς
495 662 687 750 Θεοδύρας,
715 661 800 732 άλλδι
829 660 895 750 μήν
917 664 973 751 καὶ
997 660 1104 732 αύτού
1126 669 1313 751 Βελισαρίου

182 775 314 858 καὶτῆς
336 773 479 856 γαμετῆς
502 766 629 853 αύτού]

155 897 168 936 ⁵
270 878 491 946 DCLXXVII.
519 875 788 964 Πρωταγόρας
808 874 1013 964 Ἀβδηρίτης,
1036 876 1111 957 υίὸς
1126 877 1316 966 Ἀρτέμωνος

182 984 202 1074 ή
239 986 295 1052 καὶ
326 988 559 1065 Μαιανδρίου·
600 983 688 1064 τινὲς
725 983 762 1051 δὲ
794 980 899 1051 αύτδν
936 986 991 1051 καὶ
1028 988 1132 1072 Τήιον
1172 989 1319 1073 ἔγραψαν.

183 1086 281 1173 οὗτος
306 1092 471 1181 πρότερον
494 1085 537 1177 ἦν
561 1092 866 1179 φορτοβαστάκτης,
894 1089 1043 1178 ἐντυχὼν
1066 1092 1104 1160 δὲ
1128 1098 1317 1183 Δημοκρίτῳ

183 1199 318 1288 ἠράσθη
342 1197 463 1285 λόγων,
486 1199 541 1266 καὶ
565 1196 798 1285 φιλοσοφήσας
820 1198 872 1293 ἐπὶ
896 1200 1072 1286 ῥητορείαν
1097 1198 1232 1287 ἐτράπη.
1274 1200 1318 1267 καλ

184 1309 350 1394 ἐπεκλήθη
375 1310 505 1394 πρῶτος
524 1300 622 1385 οὗτος
640 1304 810 1391 σοφιστής.
845 1309 975 1390 πρῶτος
994 1306 1032 1375 δὲ
1051 1298 1152 1400 οὗτος
1168 1307 1249 1388 τοὺς
1265 1310 1318 1395 ἐρι

144 1434 169 1473 1⁰
184 1413 317 1492 στικοδς
341 1415 462 1499 λόγους
485 1403 561 1500 εύρε
583 1413 638 1479 καὶ
664 1410 778 1498 ἀγῶνα
802 1411 1110 1500 λόγωνέποιήσατο
1129 1416 1187 1483 καὶ
1205 1411 1318 1502 μισθὸν

184 1521 301 1605 ἔπραξε
324 1517 402 1599 τούς
425 1517 577 1606 μαθητάς
598 1523 682 1605 μνᾶς
701 1519 748 1603 ρ’·
774 1518 826 1586 διὸ
847 1520 901 1587 καὶ
921 1519 1087 1607 ἐπεκλήθη
1108 1520 1222 1607 Λόγος
1239 1527 1316 1609 ἐμμι-

183 1637 276 1706 σθος.
324 1624 526 1703 διδάσκαλος
559 1624 596 1692 δὲ
628 1627 746 1712 γέγονε
773 1625 828 1693 καὶ
857 1628 918 1693 τού
947 1625 1089 1714 ῥήτορος
1113 1623 1315 1716 Ἰσοκράτους.

183 1734 302 1820 [διεῖλέ
313 1759 347 1800 τε
361 1731 470 1799 πάντα
484 1731 587 1818 λόγον
601 1736 732 1816 πρῶτος
747 1725 844 1812 οὗτος
858 1737 905 1812 είς
919 1731 965 1818 δ’,
980 1731 1143 1820 εὐχωλήν,
1158 1734 1314 1824 ἐρώτησιν,

182 1839 372 1928 ἀπόκρισιν,
392 1838 546 1925 ἐντολήν·
566 1838 645 1925 μετά
661 1839 698 1907 δὲ
712 1842 833 1907 τούτου
849 1842 954 1925 ἕτεροι
969 1844 1016 1919 είς
1030 1840 1058 1921 ζ’
1074 1845 1203 1911 διεῖλον
1216 1845 1313 1926 ταῦτα,

142 1968 166 2008 15
182 1946 356 2034 διήγησιν,
383 1947 560 2034 ἐρώτησιν,
584 1943 777 2031 ἀπόκρισιν,
802 1945 956 2032 ἐντολήν,
980 1952 1209 2034 εἰσαγγελίαν,
1230 1947 1313 2035 εύγω·

181 2053 257 2141 λήν,
275 2058 404 2139 κλῆσιν.
431 2051 628 2139 Ἀλκιδάμας
647 2051 683 2119 δὲ
699 2056 719 2118 δ
724 2051 732 2074 ’
748 2050 838 2120 εἷναί
849 2073 953 2140 φησιν
969 2056 1060 2134 ἰδίας
1073 2054 1198 2141 λόγων,
1215 2054 1312 2141 φύσιν,

182 2159 365 2245 ἀπόφασιν,
385 2157 557 2246 ἐρώτησιν,
578 2158 868 2249 προσαγόρευσιν]
902 2164 962 2229 τοῦ
981 2160 1018 2228 δὲ
1036 2161 1266 2250 Πρωταγόρου
1282 2155 1312 2226 ιδ

181 2270 295 2352 βιβλία
319 2262 383 2332 ὑπὸ
405 2264 595 2352 Ἀθηναίων
616 2265 759 2352 ἐκαύθη,
786 2265 874 2334 διότι
895 2266 998 2353 λόγον
1016 2267 1097 2335 ποτὲ
1115 2267 1207 2337 εἶπεν
1225 2266 1311 2345 ullus

182 2371 366 2460 ἀρξάμενος
385 2373 475 2460 ‘seul
494 2375 587 2439 θεῶν
606 2370 667 2440 ούκ
686 2378 749 2460 ε”χω
769 2374 906 2459 εἰδέναι,
926 2372 1002 2442 ούτε
1022 2371 1067 2454 ὡς
1085 2376 1174 2444 είσὶν
1192 2374 1264 2444 ούτε
1277 2369 1310 2451 ts

142 2502 168 2540 ιο
184 2476 245 2548 ούκ
273 2482 361 2547 εἰσί.
407 2479 462 2546 καὶ
492 2478 715 2570 πρεσβύτερός
743 2482 810 2547 ε’στι
834 2479 1107 2560 Πλάτωνος.τοῦ
1130 2479 1309 2569 φιλοσόφου.

183 2586 400 2671 [διδάσκαλος
424 2586 461 2653 δὲ
486 2591 662 2673 Προδίκου
684 2589 744 2654 τού
768 2593 874 2655 Κείου
897 2588 952 2655 καὶ
975 2585 1088 2657 άλλων
1112 2593 1263 2673 πολλῶν]

183 2773 360 2843 diligentiam
379 2772 497 2827 studiosi
516 2772 637 2827 hominis
654 2773 772 2842 prodere
789 2773 958 2829 videbantur
974 2776 1166 2847 Βενκίιακιίγο.
1201 2774 1307 2831 Ceterum

157 2870 160 2875 ·
184 2855 276 2928 βιβλία
290 2850 320 2922 η’
337 2856 402 2922 post
418 2851 542 2923 ἱστορίαν
557 2849 714 2922 Ῥωμαικὴν
730 2853 797 2907 olim
811 2855 841 2908 in
854 2854 934 2910 libris
948 2854 1035 2911 fuisse
1050 2859 1146 2911 denset
1160 2852 1308 2911 ausum

183 2942 196 2988 1
219 2936 377 3002 Sequuntur
398 2937 528 3003 excerpta
543 2932 653 3001 saldae,
674 2933 708 2987 de
725 2934 826 3003 quibus
845 2936 902 2990 dixi
916 2938 987 2992 Mus.
1001 2935 1090 2993 Rhen.
1107 2938 1126 2991 l.
1142 2954 1166 2991 ο.
1181 2956 1208 3008 p.
1222 2940 1267 2991 221

181 3016 343 3069 Ἀνέκδοτον
358 3019 408 3067 lv

253 3091 1309 3168 ucuxxuuuuupssi.cf.1³ui10suat.vu.1‚10,&diutissima

182 3178 211 3230 et
223 3173 313 3241 Τέως;
328 3175 408 3244 Diog.
420 3175 468 3243 IX,
478 3180 513 3229 50
524 3192 580 3243 seq.
596 3175 731 3228 Tractant
744 3176 831 3244 Bluss‚
846 3175 905 3230 Att.
917 3178 977 3231 Ber.
988 3176 1038 3246 Ip.
1049 3184 1083 3231 23
1099 3178 1129 3233 et
1139 3177 1244 3247 Rohde,
1256 3174 1308 3229 llus

182 3256 271 3309 Rhsn.
281 3255 398 3309 XXXIV
408 3274 436 3324 p.
447 3260 512 3321 5693
528 3254 698 3324 Hesychium
709 3254 856 3322 descripsit
870 3256 956 3309 etiam
967 3256 1054 3311 schol.
1064 3255 1219 3313 Platon.VI
1227 3274 1253 3327 p.
1262 3258 1311 3311 sd:

182 3333 373 3404 Πρωταγόρας
390 3332 568 3405 Ἀρτέμωνος,
584 3330 748 3406 Ἀβδηρίτης,
779 3326 862 3397 οὗτος
876 3331 1124 3406 φορτοβαστάκτης
1136 3328 1187 3407 ἦν,
1205 3328 1311 3405 ἐττοηύτ

183 3413 214 3469 δὲ
226 3417 391 3487 Δημοκρίτῳ
407 3412 597 3485 ἐφιλοσόφησε
613 3415 661 3469 καὶ
677 3411 724 3469 ἐπὶ
738 3412 886 3483 ῥητορείαν
902 3414 963 3485 ἔσχε
977 3415 1027 3470 καὶ
1035 3418 1146 3485 πρῶτος
1159 3414 1257 3486 λόγους
1269 3411 1311 3481 ἐρι-

183 3492 295 3557 στικούς
309 3486 375 3563 εύρε
391 3496 439 3549 καὶ
454 3493 559 3566 μισθὸν
575 3494 678 3564 ἔπραξε
691 3491 758 3558 τούς
772 3491 905 3565 μαθητάς
919 3497 990 3565 μνᾶς
1005 3492 1041 3565 ρ’.
1057 3492 1103 3551 διδ
1118 3495 1169 3551 καλ
1183 3491 1311 3564 ἐπεκλήθη

183 3572 272 3643 λόγος.
289 3572 391 3629 τούτου
406 3573 537 3646 μαθητὴς
549 3572 706 3646 Ἰσοκράτης
721 3573 735 3631 ὁ
751 3572 841 3646 ῥήτωρ
856 3576 905 3629 καλ
916 3572 1058 3644 Πρόδικος
1072 3572 1087 3631 δ
1102 3582 1197 3641 Κεῖος.
1214 3573 1312 3643 ἐκαύθη

183 3652 215 3708 δὲ
230 3652 264 3707 τά
279 3653 380 3709 τούτου
397 3659 489 3729 βιβλία
506 3653 557 3711 ὑπ’
568 3652 732 3726 Ἀθηναίων.
753 3653 812 3710 εἷπε
829 3652 895 3725 γάρ·
911 3656 976 3725 περὶ
988 3657 1068 3711 θεῶν
1083 3652 1137 3712 ούκ
1154 3656 1207 3728 ἔχω
1220 3655 1314 3713 aldim

183 3730 248 3788 ούτε
269 3730 305 3796 ὡς
325 3735 394 3788 εἰσὶν
415 3732 478 3790 ούτε
498 3733 535 3798 ὡς
555 3732 607 3791 ούκ
627 3736 705 3792 είσίν.
745 3735 851 3805 ἔγραψε
872 3735 903 3791 δὲ
924 3736 964 3799 είς
982 3731 1072 3791 αύτδν
1091 3733 1108 3791 ὁ
1127 3734 1247 3793 Πλάτων
1264 3731 1314 3793 διά-

182 3820 274 3884 λογον.
307 3814 441 3876 πλέοντος
469 3814 500 3870 δὲ
529 3812 617 3871 αὐτού
647 3815 687 3878 είς
711 3818 845 3871 Σικελίαν
874 3813 1035 3884 ἐτελεύτησε
1063 3814 1230 3887 ναυαγήσας
1256 3815 1316 3873 ἐτύκ

184 3889 365 3964 ἐνενήκοντα,
386 3892 573 3964 σοφιστεύσας
592 3894 640 3964 ἔτη
658 3894 876 3965 τεσσαράκοντα.
906 3897 1094 3957 Scholiastam
1113 3914 1148 3952 ox
1165 3899 1246 3967 parte
1262 3898 1317 3953 ubt-

182 3977 285 4030 riorem
304 3992 362 4030 esse
381 3978 468 4044 patet,
488 3976 583 4045 itaque
602 3978 707 4031 erravit
723 3979 816 4044 Daub,
836 3979 870 4032 de
889 3978 961 4032 Viol.
981 3996 1008 4046 p.
1024 3982 1059 4030 24
1114 3984 1131 4033 ὁ
1150 3980 1318 4048 Δημοκρίτου

180 4053 302 4126 φεοἈρτ.
313 4057 422 4111 Aelius.
434 4058 466 4112 V.
480 4057 513 4109 H.
525 4060 550 4126 Ι,
563 4066 596 4112 23
668 4065 683 4111 t
705 4058 885 4126 Μαιανδρίου
901 4059 983 4128 (tuly.
998 4057 1085 4127 Eud.)
1101 4058 1149 4112 vel
1158 4055 1319 4127 Μαιάνδρου

181 4137 247 4190 libri
261 4138 344 4206 Dioq.
365 4133 447 4205 ἦκαὶ
465 4141 665 4207 Μαιανδρίδου
682 4140 751 4193 Par.
763 4138 844 4192 Kust.
861 4132 1031 4204 Μαιάνδρου
1048 4136 1183 4192 Philostr.
1202 4132 1220 4206 ἢ
1236 4142 1320 4193 Nm·

183 4219 280 4285 δρίδου
300 4219 362 4272 αδδ.
374 4211 426 4288 vii
442 4219 606 4286 Νεανδρίου
624 4223 698 4270 ΔΒΕ
764 4226 777 4274 7
798 4210 880 4280 οὗτος
896 4250 926 4256 --
944 4213 1090 4285 σοφιστής,
1109 4215 1160 4270 καὶ
1172 4214 1278 4287 μισθόν
1293 4248 1320 4259 -

181 4290 355 4363 Ἰσοκράτους
369 4299 398 4351 st
411 4299 475 4366 post
490 4294 606 4364 ἐντολήν
621 4298 715 4351 onmia
729 4316 782 4353 om.
798 4299 874 4354 Eud.
931 4304 963 4351 13
978 4313 1049 4367 quae
1064 4297 1167 4351 seclusi
1181 4314 1236 4353 om.
1247 4298 1321 4353 καλοί.

185 4375 309 4442 Platon„
328 4376 469 4445 descripta
488 4395 521 4432 ex
540 4377 620 4445 Diog.
636 4377 675 4429 IX
689 4384 732 4444 ,54
751 4379 795 4434 vel
814 4379 894 4433 illata
913 4396 947 4433 ox
962 4377 1064 4432 Suidae
1078 4378 1173 4446 glossa
1194 4375 1322 4447 πυθμήτς

183 4450 277 4506 πάντα
296 4458 319 4508 λ.
338 4475 384 4524 πρ.
404 4449 485 4519 ούτος
504 4462 527 4509 Δ
613 4462 647 4510 ’20
667 4459 722 4511 εἴτε
743 4490 776 4497 -
797 4461 892 4514 esses
966 4465 998 4514 21
1021 4454 1243 4521 διδάσκαλος-
1262 4458 1322 4513 exit
