<?xml version="1.0" encoding="UTF-8"?>
<!DOCTYPE html PUBLIC "-//W3C//DTD XHTML 1.0 Transitional//EN"
    "http://www.w3.org/TR/xhtml1/DTD/xhtml1-transitional.dtd">
<html xmlns="http://www.w3.org/1999/xhtml" xml:lang="en" lang="en">
 <head>
  <title>
</title>
<meta http-equiv="Content-Type" content="text/html;charset=utf-8" />
  <meta name='ocr-system' content='tesseract 3.04.00' />
  <meta name='ocr-capabilities' content='ocr_page ocr_carea ocr_par ocr_line ocrx_word'/>
</head>
<body>
  <div class='ocr_page' id='page_1' title='image "./hesychiimilesii03flacgoog_0252.png"; bbox 0 0 2910 5056; ppageno 0'>
   <div class='ocr_carea' id='block_1_1' title="bbox 572 247 1280 339">
    <p class='ocr_par' dir='ltr' id='par_1_1' title="bbox 572 247 1280 339">
     <span class='ocr_line' id='line_1_1' title="bbox 572 247 1280 339; baseline 0.01 -7"><span class='ocrx_word' id='word_1_1' title='bbox 572 280 578 289; x_wconf 52' lang='lat'><em>¹</em></span> <span class='ocrx_word' id='word_1_2' title='bbox 604 247 817 332; x_wconf 72' lang='lat' dir='ltr'><strong>nnsxcnm&#39;s.</strong></span> <span class='ocrx_word' id='word_1_3' title='bbox 1218 273 1280 339; x_wconf 83' lang='grc'><strong><em>177</em></strong></span> 
     </span>
    </p>
   </div>
   <div class='ocr_carea' id='block_1_2' title="bbox 130 437 1426 2781">
    <p class='ocr_par' dir='ltr' id='par_1_2' title="bbox 130 437 1426 2781">
     <span class='ocr_line' id='line_1_2' title="bbox 137 437 1283 531; baseline -0.006 -19"><span class='ocrx_word' id='word_1_4' title='bbox 137 441 271 531; x_wconf 79' lang='grc' dir='ltr'><strong><em>χρόνων</em></strong></span> <span class='ocrx_word' id='word_1_5' title='bbox 300 437 518 527; x_wconf 80' lang='grc' dir='ltr'><strong><em>Αὐρηλιανοῦ</em></strong></span> <span class='ocrx_word' id='word_1_6' title='bbox 550 439 605 506; x_wconf 79' lang='grc' dir='ltr'><strong><em>καὶ</em></strong></span> <span class='ocrx_word' id='word_1_7' title='bbox 633 444 833 531; x_wconf 84' lang='grc' dir='ltr'><strong><em>παρατείνας</em></strong></span> <span class='ocrx_word' id='word_1_8' title='bbox 860 438 921 517; x_wconf 75' lang='grc' dir='ltr'><strong><em>ἕως</em></strong></span> <span class='ocrx_word' id='word_1_9' title='bbox 949 440 1196 524; x_wconf 85' lang='grc' dir='ltr'><strong><em>Διοκλητιανοῦ</em></strong></span> <span class='ocrx_word' id='word_1_10' title='bbox 1222 439 1283 505; x_wconf 84' lang='grc' dir='ltr'><strong><em>τοῦ</em></strong></span> 
     </span>
     <span class='ocr_line' id='line_1_3' title="bbox 133 536 1426 642; baseline -0.003 -26"><span class='ocrx_word' id='word_1_11' title='bbox 133 538 308 635; x_wconf 76' lang='grc' dir='ltr'><strong><em>βασιλέως</em></strong></span> <span class='ocrx_word' id='word_1_12' title='bbox 345 554 467 642; x_wconf 75' lang='grc' dir='ltr'><strong><em>ἔγραψε</em></strong></span> <span class='ocrx_word' id='word_1_13' title='bbox 489 552 602 633; x_wconf 82' lang='grc' dir='ltr'><strong><em>βιβλία</em></strong></span> <span class='ocrx_word' id='word_1_14' title='bbox 626 546 842 634; x_wconf 68' lang='grc' dir='ltr'><strong><em>πάμπλειστα,</em></strong></span> <span class='ocrx_word' id='word_1_15' title='bbox 866 544 1037 634; x_wconf 82' lang='grc' dir='ltr'><strong><em>φιλόσοφά</em></strong></span> <span class='ocrx_word' id='word_1_16' title='bbox 1060 546 1167 614; x_wconf 79' lang='grc' dir='ltr'><strong><em>τεκαὶ</em></strong></span> <span class='ocrx_word' id='word_1_17' title='bbox 1187 547 1298 633; x_wconf 69' lang='grc' dir='ltr'><strong><em>ῥητο-4</em></strong></span> <span class='ocrx_word' id='word_1_18' title='bbox 1343 536 1344 540; x_wconf 20' lang='lat'>¹</span> <span class='ocrx_word' id='word_1_19' title='bbox 1398 572 1426 620; x_wconf 72' lang='grc'><strong><em>·,</em></strong></span> 
     </span>
     <span class='ocr_line' id='line_1_4' title="bbox 134 649 1345 741; baseline -0.004 -18"><span class='ocrx_word' id='word_1_20' title='bbox 134 653 212 741; x_wconf 85' lang='grc' dir='ltr'><strong><em>ρικά</em></strong></span> <span class='ocrx_word' id='word_1_21' title='bbox 242 654 297 722; x_wconf 73' lang='grc' dir='ltr'><strong><em>καί</em></strong></span> <span class='ocrx_word' id='word_1_22' title='bbox 321 651 542 740; x_wconf 77' lang='grc' dir='ltr'><strong><em>γραμματικά·</em></strong></span> <span class='ocrx_word' id='word_1_23' title='bbox 570 653 643 739; x_wconf 83' lang='grc' dir='ltr'><strong><em>περὶ</em></strong></span> <span class='ocrx_word' id='word_1_24' title='bbox 667 659 773 721; x_wconf 89' lang='grc' dir='ltr'><strong><em>θείων</em></strong></span> <span class='ocrx_word' id='word_1_25' title='bbox 799 650 975 740; x_wconf 76' lang='grc' dir='ltr'><strong><em>ὀνομάτων</em></strong></span> <span class='ocrx_word' id='word_1_26' title='bbox 998 653 1044 738; x_wconf 82' lang='grc' dir='ltr'><strong><em>α’,</em></strong></span> <span class='ocrx_word' id='word_1_27' title='bbox 1070 652 1144 741; x_wconf 87' lang='grc' dir='ltr'><strong><em>περὶ</em></strong></span> <span class='ocrx_word' id='word_1_28' title='bbox 1167 649 1282 738; x_wconf 79' lang='grc' dir='ltr'><strong><em>άρχῶυ</em></strong></span> <span class='ocrx_word' id='word_1_29' title='bbox 1341 722 1345 728; x_wconf 55' lang='grc'><strong><em>,</em></strong></span> 
     </span>
     <span class='ocr_line' id='line_1_5' title="bbox 133 758 1379 849; baseline -0.002 -21"><span class='ocrx_word' id='word_1_30' title='bbox 133 762 190 848; x_wconf 81' lang='grc' dir='ltr'><strong><em>β’,</em></strong></span> <span class='ocrx_word' id='word_1_31' title='bbox 211 762 298 849; x_wconf 77' lang='grc' dir='ltr'><strong><em>περὶ,</em></strong></span> <span class='ocrx_word' id='word_1_32' title='bbox 314 758 395 847; x_wconf 76' lang='grc' dir='ltr'><strong><em>ὕλης</em></strong></span> <span class='ocrx_word' id='word_1_33' title='bbox 418 759 463 846; x_wconf 85' lang='grc' dir='ltr'><strong><em>ς’,</em></strong></span> <span class='ocrx_word' id='word_1_34' title='bbox 491 760 565 845; x_wconf 77' lang='grc' dir='ltr'><strong><em>περὶ</em></strong></span> <span class='ocrx_word' id='word_1_35' title='bbox 591 759 805 847; x_wconf 75' lang='grc' dir='ltr'><strong><em>ψυχηςπρδς</em></strong></span> <span class='ocrx_word' id='word_1_36' title='bbox 826 761 965 845; x_wconf 88' lang='grc' dir='ltr'><strong><em>Βόηθον</em></strong></span> <span class='ocrx_word' id='word_1_37' title='bbox 989 759 1031 846; x_wconf 82' lang='grc' dir='ltr'><strong><em>ε’,</em></strong></span> <span class='ocrx_word' id='word_1_38' title='bbox 1059 758 1283 848; x_wconf 81' lang='grc' dir='ltr'><strong><em>περὶάποχῆς</em></strong></span> <span class='ocrx_word' id='word_1_39' title='bbox 1377 785 1379 792; x_wconf 81' lang='grc'><strong>’</strong></span> 
     </span>
     <span class='ocr_line' id='line_1_6' title="bbox 131 864 1309 956; baseline -0.003 -19"><span class='ocrx_word' id='word_1_40' title='bbox 131 867 294 956; x_wconf 79' lang='grc' dir='ltr'><strong><em>ἐμψύχων</em></strong></span> <span class='ocrx_word' id='word_1_41' title='bbox 328 866 374 954; x_wconf 76' lang='grc' dir='ltr'><strong><em>δ’,</em></strong></span> <span class='ocrx_word' id='word_1_42' title='bbox 406 867 481 954; x_wconf 78' lang='grc' dir='ltr'><strong><em>περὶ</em></strong></span> <span class='ocrx_word' id='word_1_43' title='bbox 513 870 573 933; x_wconf 83' lang='grc' dir='ltr'><strong><em>τοῦ</em></strong></span> <span class='ocrx_word' id='word_1_44' title='bbox 607 870 718 952; x_wconf 80' lang='grc' dir='ltr'><strong><em>γνιόθι</em></strong></span> <span class='ocrx_word' id='word_1_45' title='bbox 749 865 874 934; x_wconf 86' lang='grc' dir='ltr'><strong><em>σαυτὸν</em></strong></span> <span class='ocrx_word' id='word_1_46' title='bbox 903 866 948 952; x_wconf 87' lang='grc' dir='ltr'><strong><em>δ’,</em></strong></span> <span class='ocrx_word' id='word_1_47' title='bbox 980 867 1055 954; x_wconf 79' lang='grc' dir='ltr'><strong><em>περὶ</em></strong></span> <span class='ocrx_word' id='word_1_48' title='bbox 1084 864 1309 954; x_wconf 77' lang='grc' dir='ltr'><strong><em>άσωμάτων,5</em></strong></span> 
     </span>
     <span class='ocr_line' id='line_1_7' title="bbox 130 958 1424 1063; baseline -0.002 -19"><span class='ocrx_word' id='word_1_49' title='bbox 130 976 209 1063; x_wconf 79' lang='grc' dir='ltr'><strong><em>περὶ</em></strong></span> <span class='ocrx_word' id='word_1_50' title='bbox 234 976 296 1043; x_wconf 79' lang='grc' dir='ltr'><strong><em>τοῦ</em></strong></span> <span class='ocrx_word' id='word_1_51' title='bbox 318 960 399 1059; x_wconf 87' lang='grc' dir='ltr'><strong><em>μιάν</em></strong></span> <span class='ocrx_word' id='word_1_52' title='bbox 423 970 510 1040; x_wconf 84' lang='grc' dir='ltr'><strong><em>εἶναι</em></strong></span> <span class='ocrx_word' id='word_1_53' title='bbox 532 970 594 1058; x_wconf 83' lang='grc' dir='ltr'><strong><em>τὴν</em></strong></span> <span class='ocrx_word' id='word_1_54' title='bbox 613 971 798 1052; x_wconf 91' lang='grc' dir='ltr'><strong><em>Πλάτωνος</em></strong></span> <span class='ocrx_word' id='word_1_55' title='bbox 818 972 873 1039; x_wconf 78' lang='grc' dir='ltr'><strong><em>καὶ</em></strong></span> <span class='ocrx_word' id='word_1_56' title='bbox 890 969 1134 1062; x_wconf 83' lang='grc' dir='ltr'><strong><em>Ἀριστοτέλους</em></strong></span> <span class='ocrx_word' id='word_1_57' title='bbox 1153 969 1282 1062; x_wconf 82' lang='grc' dir='ltr'><strong><em>αἵρεσιν</em></strong></span> <span class='ocrx_word' id='word_1_58' title='bbox 1420 958 1424 972; x_wconf 51' lang='grc'><strong>’</strong></span> 
     </span>
     <span class='ocr_line' id='line_1_8' title="bbox 130 1070 1281 1168; baseline 0 -18"><span class='ocrx_word' id='word_1_59' title='bbox 130 1083 189 1168; x_wconf 62' lang='grc' dir='ltr'><strong><em>ζ’,</em></strong></span> <span class='ocrx_word' id='word_1_60' title='bbox 204 1086 252 1162; x_wconf 91' lang='grc' dir='ltr'><strong><em>είς</em></strong></span> <span class='ocrx_word' id='word_1_61' title='bbox 278 1079 339 1167; x_wconf 77' lang='grc' dir='ltr'><strong><em>τὴν</em></strong></span> <span class='ocrx_word' id='word_1_62' title='bbox 359 1079 547 1149; x_wconf 86' lang='grc' dir='ltr'><strong><em>Ἰονλιανοῦ</em></strong></span> <span class='ocrx_word' id='word_1_63' title='bbox 573 1082 633 1146; x_wconf 83' lang='grc' dir='ltr'><strong><em>τοῦ</em></strong></span> <span class='ocrx_word' id='word_1_64' title='bbox 658 1083 829 1147; x_wconf 76' lang='grc' dir='ltr'><strong><em>Χαλδαίου</em></strong></span> <span class='ocrx_word' id='word_1_65' title='bbox 855 1070 1047 1167; x_wconf 80' lang='grc' dir='ltr'><strong><em>φιλοσόφου</em></strong></span> <span class='ocrx_word' id='word_1_66' title='bbox 1070 1084 1221 1166; x_wconf 79' lang='grc' dir='ltr'><strong><em>ἱστορίαν</em></strong></span> <span class='ocrx_word' id='word_1_67' title='bbox 1245 1084 1281 1150; x_wconf 81' lang='grc' dir='ltr'><strong><em>ἐν</em></strong></span> 
     </span>
     <span class='ocr_line' id='line_1_9' title="bbox 130 1184 1282 1276; baseline 0 -19"><span class='ocrx_word' id='word_1_68' title='bbox 130 1194 280 1275; x_wconf 79' lang='grc' dir='ltr'><strong><em>βιβλίοις</em></strong></span> <span class='ocrx_word' id='word_1_69' title='bbox 308 1188 352 1274; x_wconf 80' lang='grc' dir='ltr'><strong><em>δ’,</em></strong></span> <span class='ocrx_word' id='word_1_70' title='bbox 382 1184 464 1254; x_wconf 87' lang='grc' dir='ltr'><strong><em>κατά</em></strong></span> <span class='ocrx_word' id='word_1_71' title='bbox 492 1186 693 1274; x_wconf 79' lang='grc' dir='ltr'><strong><em>χριστιανῶν</em></strong></span> <span class='ocrx_word' id='word_1_72' title='bbox 722 1184 843 1271; x_wconf 79' lang='grc' dir='ltr'><strong><em>λόγους</em></strong></span> <span class='ocrx_word' id='word_1_73' title='bbox 874 1188 926 1272; x_wconf 87' lang='grc' dir='ltr'><strong><em>ιε’,</em></strong></span> <span class='ocrx_word' id='word_1_74' title='bbox 954 1189 1028 1274; x_wconf 77' lang='grc' dir='ltr'><strong><em>περὶ</em></strong></span> <span class='ocrx_word' id='word_1_75' title='bbox 1055 1192 1114 1273; x_wconf 80' lang='grc' dir='ltr'><strong><em>τῆς</em></strong></span> <span class='ocrx_word' id='word_1_76' title='bbox 1136 1185 1282 1276; x_wconf 79' lang='grc' dir='ltr'><strong><em>Ὁμήρου</em></strong></span> 
     </span>
     <span class='ocr_line' id='line_1_10' title="bbox 130 1290 1282 1383; baseline -0.002 -20"><span class='ocrx_word' id='word_1_77' title='bbox 130 1299 354 1383; x_wconf 73' lang='grc' dir='ltr'><strong><em>φιλοσοφίας,</em></strong></span> <span class='ocrx_word' id='word_1_78' title='bbox 387 1290 471 1380; x_wconf 88' lang='grc' dir='ltr'><strong><em>πρὸς</em></strong></span> <span class='ocrx_word' id='word_1_79' title='bbox 490 1290 729 1379; x_wconf 61' lang='grc' dir='ltr'><strong><em>Ἀριστοτέλην</em></strong></span> <span class='ocrx_word' id='word_1_80' title='bbox 760 1292 834 1378; x_wconf 78' lang='grc' dir='ltr'><strong><em>περὶ</em></strong></span> <span class='ocrx_word' id='word_1_81' title='bbox 866 1297 926 1360; x_wconf 86' lang='grc' dir='ltr'><strong><em>τοῦ</em></strong></span> <span class='ocrx_word' id='word_1_82' title='bbox 959 1290 1044 1359; x_wconf 83' lang='grc' dir='ltr'><strong><em>εἶναι</em></strong></span> <span class='ocrx_word' id='word_1_83' title='bbox 1076 1292 1137 1379; x_wconf 78' lang='grc' dir='ltr'><strong><em>τὴν</em></strong></span> <span class='ocrx_word' id='word_1_84' title='bbox 1171 1292 1282 1382; x_wconf 76' lang='grc' dir='ltr'><strong><em>ψυχὴν</em></strong></span> 
     </span>
     <span class='ocr_line' id='line_1_11' title="bbox 130 1397 1414 1490; baseline -0.001 -19"><span class='ocrx_word' id='word_1_85' title='bbox 130 1403 357 1490; x_wconf 80' lang='grc' dir='ltr'><strong><em>ἐντελέχειαν,</em></strong></span> <span class='ocrx_word' id='word_1_86' title='bbox 387 1397 585 1489; x_wconf 57' lang='grc' dir='ltr'><strong><em>ηκλολόγουΔ</em></strong></span> <span class='ocrx_word' id='word_1_87' title='bbox 603 1402 750 1486; x_wconf 80' lang='grc' dir='ltr'><strong><em>ἱστορίας</em></strong></span> <span class='ocrx_word' id='word_1_88' title='bbox 772 1404 891 1485; x_wconf 86' lang='grc' dir='ltr'><strong><em>βιβλία</em></strong></span> <span class='ocrx_word' id='word_1_89' title='bbox 918 1399 959 1485; x_wconf 83' lang='grc' dir='ltr'><strong><em>ε’,</em></strong></span> <span class='ocrx_word' id='word_1_90' title='bbox 986 1401 1062 1486; x_wconf 81' lang='grc' dir='ltr'><strong><em>περὶ</em></strong></span> <span class='ocrx_word' id='word_1_91' title='bbox 1085 1402 1204 1486; x_wconf 83' lang='grc' dir='ltr'><strong><em>γένους</em></strong></span> <span class='ocrx_word' id='word_1_92' title='bbox 1226 1401 1281 1468; x_wconf 79' lang='grc' dir='ltr'><strong><em>καὶ</em></strong></span> <span class='ocrx_word' id='word_1_93' title='bbox 1296 1423 1321 1462; x_wconf 88' lang='lat'><strong><em>10</em></strong></span> <span class='ocrx_word' id='word_1_94' title='bbox 1412 1465 1414 1471; x_wconf 88' lang='grc'><strong><em>,</em></strong></span> 
     </span>
     <span class='ocr_line' id='line_1_12' title="bbox 130 1491 1281 1597; baseline -0.003 -17"><span class='ocrx_word' id='word_1_95' title='bbox 130 1515 250 1597; x_wconf 84' lang='grc' dir='ltr'><strong><em>είδονς</em></strong></span> <span class='ocrx_word' id='word_1_96' title='bbox 277 1510 332 1577; x_wconf 82' lang='grc' dir='ltr'><strong><em>καὶ</em></strong></span> <span class='ocrx_word' id='word_1_97' title='bbox 361 1510 526 1595; x_wconf 82' lang='grc' dir='ltr'><strong><em>διαφοράς</em></strong></span> <span class='ocrx_word' id='word_1_98' title='bbox 553 1506 607 1572; x_wconf 80' lang='grc' dir='ltr'><strong><em>καὶ</em></strong></span> <span class='ocrx_word' id='word_1_99' title='bbox 635 1491 725 1572; x_wconf 81' lang='grc' dir='ltr'><strong><em>ίδίου</em></strong></span> <span class='ocrx_word' id='word_1_100' title='bbox 747 1505 802 1572; x_wconf 77' lang='grc' dir='ltr'><strong><em>καὶ</em></strong></span> <span class='ocrx_word' id='word_1_101' title='bbox 827 1504 1088 1593; x_wconf 84' lang='grc' dir='ltr'><strong><em>συμβεβηκότος,</em></strong></span> <span class='ocrx_word' id='word_1_102' title='bbox 1116 1509 1281 1596; x_wconf 76' lang='grc' dir='ltr'><strong><em>περὶτῶν</em></strong></span> 
     </span>
     <span class='ocr_line' id='line_1_13' title="bbox 130 1611 1424 1706; baseline -0.002 -20"><span class='ocrx_word' id='word_1_103' title='bbox 130 1616 217 1686; x_wconf 85' lang='grc' dir='ltr'><strong><em>κατά</em></strong></span> <span class='ocrx_word' id='word_1_104' title='bbox 239 1621 416 1700; x_wconf 91' lang='grc' dir='ltr'><strong><em>Πίνδαρον</em></strong></span> <span class='ocrx_word' id='word_1_105' title='bbox 439 1617 499 1682; x_wconf 82' lang='grc' dir='ltr'><strong><em>τοῦ</em></strong></span> <span class='ocrx_word' id='word_1_106' title='bbox 519 1618 646 1680; x_wconf 91' lang='grc' dir='ltr'><strong><em>Νείλου</em></strong></span> <span class='ocrx_word' id='word_1_107' title='bbox 664 1615 792 1698; x_wconf 76' lang='grc' dir='ltr'><strong><em>πηγῶν,</em></strong></span> <span class='ocrx_word' id='word_1_108' title='bbox 815 1613 967 1699; x_wconf 76' lang='grc' dir='ltr'><strong><em>περὶτῆς</em></strong></span> <span class='ocrx_word' id='word_1_109' title='bbox 986 1611 1178 1702; x_wconf 83' lang='grc' dir='ltr'><strong><em>ίξὉμήρου</em></strong></span> <span class='ocrx_word' id='word_1_110' title='bbox 1198 1612 1282 1702; x_wconf 71' lang='lat' dir='ltr'><strong>cioc-</strong></span> <span class='ocrx_word' id='word_1_111' title='bbox 1423 1702 1424 1706; x_wconf 6' lang='grc' dir='ltr'><strong>Ἰ</strong></span> 
     </span>
     <span class='ocr_line' id='line_1_14' title="bbox 130 1704 1395 1807; baseline -0.003 -13"><span class='ocrx_word' id='word_1_112' title='bbox 130 1704 227 1803; x_wconf 82' lang='grc' dir='ltr'><strong><em>λείας</em></strong></span> <span class='ocrx_word' id='word_1_113' title='bbox 251 1726 319 1790; x_wconf 79' lang='grc' dir='ltr'><strong><em>τῶν</em></strong></span> <span class='ocrx_word' id='word_1_114' title='bbox 342 1721 508 1807; x_wconf 81' lang='grc' dir='ltr'><strong><em>βασιλέων</em></strong></span> <span class='ocrx_word' id='word_1_115' title='bbox 533 1723 646 1805; x_wconf 89' lang='grc' dir='ltr'><strong><em>βιβλία</em></strong></span> <span class='ocrx_word' id='word_1_116' title='bbox 670 1718 706 1804; x_wconf 82' lang='grc' dir='ltr'><strong><em>ι’,</em></strong></span> <span class='ocrx_word' id='word_1_117' title='bbox 738 1725 929 1806; x_wconf 85' lang='grc' dir='ltr'><strong><em>συμμίκτων</em></strong></span> <span class='ocrx_word' id='word_1_118' title='bbox 954 1722 1144 1807; x_wconf 78' lang='grc' dir='ltr'><strong><em>ζητημάτων</em></strong></span> <span class='ocrx_word' id='word_1_119' title='bbox 1170 1721 1208 1807; x_wconf 79' lang='grc' dir='ltr'><strong><em>ζ’,</em></strong></span> <span class='ocrx_word' id='word_1_120' title='bbox 1237 1727 1283 1802; x_wconf 84' lang='grc' dir='ltr'><strong><em>είς</em></strong></span> <span class='ocrx_word' id='word_1_121' title='bbox 1393 1767 1395 1769; x_wconf 62' lang='grc'><em>»</em></span> 
     </span>
     <span class='ocr_line' id='line_1_15' title="bbox 130 1823 1282 1922; baseline -0.003 -21"><span class='ocrx_word' id='word_1_122' title='bbox 130 1833 167 1901; x_wconf 89' lang='grc' dir='ltr'><strong><em>τὸ</em></strong></span> <span class='ocrx_word' id='word_1_123' title='bbox 207 1832 435 1922; x_wconf 55' lang='grc' dir='ltr'><strong><em>’,Θουκυδίδου</em></strong></span> <span class='ocrx_word' id='word_1_124' title='bbox 467 1831 661 1914; x_wconf 88' lang='grc' dir='ltr'><strong><em>προοίμιον,</em></strong></span> <span class='ocrx_word' id='word_1_125' title='bbox 703 1823 785 1912; x_wconf 84' lang='grc' dir='ltr'><strong><em>πρὸς</em></strong></span> <span class='ocrx_word' id='word_1_126' title='bbox 818 1824 1024 1913; x_wconf 76' lang='grc' dir='ltr'><strong><em>Ἀριστείδην</em></strong></span> <span class='ocrx_word' id='word_1_127' title='bbox 1058 1827 1096 1913; x_wconf 84' lang='grc' dir='ltr'><strong><em>ζ’,</em></strong></span> <span class='ocrx_word' id='word_1_128' title='bbox 1125 1827 1189 1918; x_wconf 87' lang='grc' dir='ltr'><strong><em>Ιείς</em></strong></span> <span class='ocrx_word' id='word_1_129' title='bbox 1220 1828 1282 1916; x_wconf 81' lang='grc' dir='ltr'><strong><em>τὴν</em></strong></span> 
     </span>
     <span class='ocr_line' id='line_1_16' title="bbox 130 1929 1405 2024; baseline -0.013 -14"><span class='ocrx_word' id='word_1_130' title='bbox 130 1938 375 2023; x_wconf 69' lang='grc' dir='ltr'><strong><em>Μινουκιανοῦ</em></strong></span> <span class='ocrx_word' id='word_1_131' title='bbox 394 1932 530 2023; x_wconf 81' lang='grc' dir='ltr'><strong><em>τέχνηνΙ</em></strong></span> <span class='ocrx_word' id='word_1_132' title='bbox 553 1933 608 2000; x_wconf 86' lang='grc' dir='ltr'><strong><em>καὶ</em></strong></span> <span class='ocrx_word' id='word_1_133' title='bbox 632 1929 715 1998; x_wconf 85' lang='grc' dir='ltr'><strong><em>άλλα</em></strong></span> <span class='ocrx_word' id='word_1_134' title='bbox 738 1940 880 2000; x_wconf 80' lang='grc' dir='ltr'><strong><em>πλείστα.</em></strong></span> <span class='ocrx_word' id='word_1_135' title='bbox 910 1931 990 2022; x_wconf 82' lang='grc' dir='ltr'><strong><em>Ικαλ</em></strong></span> <span class='ocrx_word' id='word_1_136' title='bbox 1007 1933 1149 2021; x_wconf 91' lang='grc' dir='ltr'><strong><em>μάλιστα</em></strong></span> <span class='ocrx_word' id='word_1_137' title='bbox 1164 1934 1281 2024; x_wconf 87' lang='grc' dir='ltr'><strong><em>άστρο-</em></strong></span> <span class='ocrx_word' id='word_1_138' title='bbox 1296 1955 1321 1996; x_wconf 85' lang='lat'><strong><em>15</em></strong></span> <span class='ocrx_word' id='word_1_139' title='bbox 1402 1945 1405 1949; x_wconf 88' lang='grc'>’</span> 
     </span>
     <span class='ocr_line' id='line_1_17' title="bbox 130 2036 1282 2134; baseline -0.005 -17"><span class='ocrx_word' id='word_1_140' title='bbox 130 2045 338 2134; x_wconf 89' lang='grc' dir='ltr'><strong><em>νομοόμενα,</em></strong></span> <span class='ocrx_word' id='word_1_141' title='bbox 358 2045 394 2110; x_wconf 84' lang='grc' dir='ltr'><strong><em>ἐν</em></strong></span> <span class='ocrx_word' id='word_1_142' title='bbox 414 2036 464 2120; x_wconf 87' lang='grc' dir='ltr'><strong><em>οἷς</em></strong></span> <span class='ocrx_word' id='word_1_143' title='bbox 477 2040 532 2107; x_wconf 82' lang='grc' dir='ltr'><strong><em>καὶ</em></strong></span> <span class='ocrx_word' id='word_1_144' title='bbox 547 2037 734 2125; x_wconf 77' lang='grc' dir='ltr'><strong><em>εἰσαγωγὴν</em></strong></span> <span class='ocrx_word' id='word_1_145' title='bbox 749 2036 1072 2127; x_wconf 83' lang='grc' dir='ltr'><strong><em>άστρονομουμένων</em></strong></span> <span class='ocrx_word' id='word_1_146' title='bbox 1088 2045 1124 2109; x_wconf 83' lang='grc' dir='ltr'><strong><em>ἐν</em></strong></span> <span class='ocrx_word' id='word_1_147' title='bbox 1139 2048 1282 2129; x_wconf 90' lang='grc' dir='ltr'><strong><em>βιβλίοις</em></strong></span> 
     </span>
     <span class='ocr_line' id='line_1_18' title="bbox 130 2136 1312 2243; baseline 0.003 -25"><span class='ocrx_word' id='word_1_148' title='bbox 130 2152 189 2243; x_wconf 86' lang='grc' dir='ltr'><strong><em>γἸ</em></strong></span> <span class='ocrx_word' id='word_1_149' title='bbox 217 2149 275 2218; x_wconf 80' lang='grc' dir='ltr'><strong><em>καὶ</em></strong></span> <span class='ocrx_word' id='word_1_150' title='bbox 303 2143 529 2236; x_wconf 82' lang='grc' dir='ltr'><strong><em>γραμματικὰς</em></strong></span> <span class='ocrx_word' id='word_1_151' title='bbox 557 2143 698 2231; x_wconf 89' lang='grc' dir='ltr'><strong><em>άπορίας</em></strong></span> <span class='ocrx_word' id='word_1_152' title='bbox 729 2136 841 2228; x_wconf 87' lang='grc' dir='ltr'><strong><em>[οὗτός</em></strong></span> <span class='ocrx_word' id='word_1_153' title='bbox 870 2148 960 2214; x_wconf 84' lang='grc' dir='ltr'><strong><em>ἐστιν</em></strong></span> <span class='ocrx_word' id='word_1_154' title='bbox 989 2144 1006 2216; x_wconf 88' lang='grc' dir='ltr'><strong><em>ό</em></strong></span> <span class='ocrx_word' id='word_1_155' title='bbox 1036 2148 1234 2242; x_wconf 86' lang='grc' dir='ltr'><strong><em>Πορφόριος</em></strong></span> <span class='ocrx_word' id='word_1_156' title='bbox 1263 2148 1281 2222; x_wconf 88' lang='grc' dir='ltr'><strong><em>δ</em></strong></span> <span class='ocrx_word' id='word_1_157' title='bbox 1309 2195 1312 2203; x_wconf 90' lang='grc'><strong>-</strong></span> 
     </span>
     <span class='ocr_line' id='line_1_19' title="bbox 130 2251 1220 2348; baseline -0.006 -20"><span class='ocrx_word' id='word_1_158' title='bbox 130 2260 196 2348; x_wconf 78' lang='grc' dir='ltr'><strong><em>τὴν</em></strong></span> <span class='ocrx_word' id='word_1_159' title='bbox 220 2255 303 2326; x_wconf 87' lang='grc' dir='ltr'><strong><em>κατά</em></strong></span> <span class='ocrx_word' id='word_1_160' title='bbox 328 2257 530 2343; x_wconf 78' lang='grc' dir='ltr'><strong><em>χριστιανῶν</em></strong></span> <span class='ocrx_word' id='word_1_161' title='bbox 554 2251 758 2339; x_wconf 80' lang='grc' dir='ltr'><strong><em>ἐφόβριστον</em></strong></span> <span class='ocrx_word' id='word_1_162' title='bbox 782 2256 937 2338; x_wconf 75' lang='grc' dir='ltr'><strong><em>γλῶσσαν</em></strong></span> <span class='ocrx_word' id='word_1_163' title='bbox 960 2255 1120 2341; x_wconf 79' lang='grc' dir='ltr'><strong><em>κινήσας]</em></strong></span> <span class='ocrx_word' id='word_1_164' title='bbox 1217 2281 1220 2285; x_wconf 88' lang='grc'><strong><em>·</em></strong></span> 
     </span>
     <span class='ocr_line' id='line_1_20' title="bbox 223 2353 1280 2450; baseline -0.002 -18"><span class='ocrx_word' id='word_1_165' title='bbox 223 2364 385 2432; x_wconf 79' lang='lat' dir='ltr'>DOLXII.</span> <span class='ocrx_word' id='word_1_166' title='bbox 418 2356 694 2436; x_wconf 78' lang='grc' dir='ltr'><strong><em>Ποσειδώνιος</em></strong></span> <span class='ocrx_word' id='word_1_167' title='bbox 710 2353 872 2444; x_wconf 81' lang='grc' dir='ltr'><strong><em>Ἀπαμεδς</em></strong></span> <span class='ocrx_word' id='word_1_168' title='bbox 895 2360 930 2426; x_wconf 83' lang='grc' dir='ltr'><strong><em>ἐκ</em></strong></span> <span class='ocrx_word' id='word_1_169' title='bbox 948 2367 1078 2446; x_wconf 92' lang='grc' dir='ltr'><strong><em>Συρίας</em></strong></span> <span class='ocrx_word' id='word_1_170' title='bbox 1101 2359 1121 2447; x_wconf 77' lang='grc' dir='ltr'><strong><em>ἢ</em></strong></span> <span class='ocrx_word' id='word_1_171' title='bbox 1142 2359 1280 2450; x_wconf 86' lang='grc' dir='ltr'><strong><em>Ῥόδιος,</em></strong></span> 
     </span>
     <span class='ocr_line' id='line_1_21' title="bbox 134 2461 1322 2561; baseline -0.009 -19"><span class='ocrx_word' id='word_1_172' title='bbox 134 2471 323 2561; x_wconf 82' lang='grc' dir='ltr'><strong><em>φιλόσοφος</em></strong></span> <span class='ocrx_word' id='word_1_173' title='bbox 341 2465 503 2551; x_wconf 89' lang='grc' dir='ltr'><strong><em>Στωικός,</em></strong></span> <span class='ocrx_word' id='word_1_174' title='bbox 526 2461 563 2544; x_wconf 88' lang='grc' dir='ltr'><strong><em>δς</em></strong></span> <span class='ocrx_word' id='word_1_175' title='bbox 586 2463 753 2551; x_wconf 80' lang='grc' dir='ltr'><strong><em>ἐπεκλήθη</em></strong></span> <span class='ocrx_word' id='word_1_176' title='bbox 775 2462 943 2552; x_wconf 80' lang='grc' dir='ltr'><strong><em>Ἀθλητής</em></strong></span> <span class='ocrx_word' id='word_1_177' title='bbox 982 2466 1105 2555; x_wconf 79' lang='grc' dir='ltr'><strong><em>σχολὴν</em></strong></span> <span class='ocrx_word' id='word_1_178' title='bbox 1125 2468 1163 2536; x_wconf 72' lang='grc' dir='ltr'><strong><em>δὲ</em></strong></span> <span class='ocrx_word' id='word_1_179' title='bbox 1187 2474 1280 2556; x_wconf 81' lang='grc' dir='ltr'><strong><em>ε”σχευ</em></strong></span> <span class='ocrx_word' id='word_1_180' title='bbox 1295 2489 1322 2528; x_wconf 82' lang='lat'><strong><em>20</em></strong></span> 
     </span>
     <span class='ocr_line' id='line_1_22' title="bbox 137 2569 1281 2667; baseline -0.002 -21"><span class='ocrx_word' id='word_1_181' title='bbox 137 2580 170 2648; x_wconf 81' lang='grc' dir='ltr'><strong><em>ἐν</em></strong></span> <span class='ocrx_word' id='word_1_182' title='bbox 189 2576 307 2667; x_wconf 77' lang='grc' dir='ltr'><strong><em>Ῥόδῳ,</em></strong></span> <span class='ocrx_word' id='word_1_183' title='bbox 335 2574 493 2660; x_wconf 89' lang='grc' dir='ltr'><strong><em>διάδοχος</em></strong></span> <span class='ocrx_word' id='word_1_184' title='bbox 523 2569 669 2657; x_wconf 80' lang='grc' dir='ltr'><strong><em>γεγονὼς</em></strong></span> <span class='ocrx_word' id='word_1_185' title='bbox 695 2571 750 2637; x_wconf 77' lang='grc' dir='ltr'><strong><em>καὶ</em></strong></span> <span class='ocrx_word' id='word_1_186' title='bbox 780 2571 932 2658; x_wconf 80' lang='grc' dir='ltr'><strong><em>μαθητὴς</em></strong></span> <span class='ocrx_word' id='word_1_187' title='bbox 954 2581 1151 2647; x_wconf 89' lang='grc' dir='ltr'><strong><em>Παναιτίου.</em></strong></span> <span class='ocrx_word' id='word_1_188' title='bbox 1197 2570 1281 2661; x_wconf 81' lang='grc' dir='ltr'><strong><em>ἦλθε</em></strong></span> 
     </span>
     <span class='ocr_line' id='line_1_23' title="bbox 139 2677 1258 2781; baseline -0.001 -29"><span class='ocrx_word' id='word_1_189' title='bbox 139 2685 251 2781; x_wconf 69' lang='grc' dir='ltr'><strong><em>δὲκαὶ</em></strong></span> <span class='ocrx_word' id='word_1_190' title='bbox 275 2688 321 2761; x_wconf 86' lang='grc' dir='ltr'><strong><em>είς</em></strong></span> <span class='ocrx_word' id='word_1_191' title='bbox 338 2679 470 2767; x_wconf 77' lang='grc' dir='ltr'><strong><em>Ῥώμην</em></strong></span> <span class='ocrx_word' id='word_1_192' title='bbox 493 2679 546 2746; x_wconf 78' lang='grc' dir='ltr'><strong><em>ἐπὶ</em></strong></span> <span class='ocrx_word' id='word_1_193' title='bbox 571 2677 716 2762; x_wconf 88' lang='grc' dir='ltr'><strong><em>Μάρκου</em></strong></span> <span class='ocrx_word' id='word_1_194' title='bbox 739 2682 951 2765; x_wconf 81' lang='grc' dir='ltr'><strong><em>Μαρκέλλου.</em></strong></span> <span class='ocrx_word' id='word_1_195' title='bbox 999 2687 1120 2769; x_wconf 77' lang='grc' dir='ltr'><strong><em>ἔγραψε</em></strong></span> <span class='ocrx_word' id='word_1_196' title='bbox 1143 2682 1258 2751; x_wconf 89' lang='grc' dir='ltr'><strong><em>πολλά.</em></strong></span> 
     </span>
    </p>
   </div>
   <div class='ocr_carea' id='block_1_3' title="bbox 131 2897 1312 4487">
    <p class='ocr_par' dir='ltr' id='par_1_3' title="bbox 131 2897 1312 4487">
     <span class='ocr_line' id='line_1_24' title="bbox 140 2897 1311 2978; baseline 0 -16"><span class='ocrx_word' id='word_1_197' title='bbox 140 2910 275 2978; x_wconf 86' lang='grc' dir='ltr'><strong><em>Λογγίνον</em></strong></span> <span class='ocrx_word' id='word_1_198' title='bbox 294 2907 344 2961; x_wconf 77' lang='grc' dir='ltr'><strong><em>τοῦ</em></strong></span> <span class='ocrx_word' id='word_1_199' title='bbox 363 2897 536 2973; x_wconf 86' lang='grc' dir='ltr'><strong><em>φιλοσόφον,</em></strong></span> <span class='ocrx_word' id='word_1_200' title='bbox 556 2897 617 2954; x_wconf 82' lang='grc' dir='ltr'><strong><em>εἶτα</em></strong></span> <span class='ocrx_word' id='word_1_201' title='bbox 632 2902 778 2956; x_wconf 87' lang='grc' dir='ltr'><strong><em>Πλωτίνου</em></strong></span> <span class='ocrx_word' id='word_1_202' title='bbox 797 2905 861 2970; x_wconf 87' lang='lat' dir='ltr'><strong>post</strong></span> <span class='ocrx_word' id='word_1_203' title='bbox 874 2899 1053 2973; x_wconf 74' lang='grc' dir='ltr'><strong><em>γραμματικά</em></strong></span> <span class='ocrx_word' id='word_1_204' title='bbox 1069 2907 1202 2961; x_wconf 86' lang='lat' dir='ltr'><strong>exhibent</strong></span> <span class='ocrx_word' id='word_1_205' title='bbox 1214 2906 1281 2962; x_wconf 85' lang='lat' dir='ltr'>libri</span> <span class='ocrx_word' id='word_1_206' title='bbox 1309 2901 1311 2904; x_wconf 37' lang='lat'><strong>⁴</strong></span> 
     </span>
     <span class='ocr_line' id='line_1_25' title="bbox 139 2977 1280 3059; baseline 0.001 -17"><span class='ocrx_word' id='word_1_207' title='bbox 139 2995 154 3042; x_wconf 86' lang='lat'>4</span> <span class='ocrx_word' id='word_1_208' title='bbox 172 2989 237 3059; x_wconf 81' lang='grc' dir='ltr'><strong><em>περλ</em></strong></span> <span class='ocrx_word' id='word_1_209' title='bbox 256 2983 305 3042; x_wconf 86' lang='grc' dir='ltr'><strong><em>άπ.</em></strong></span> <span class='ocrx_word' id='word_1_210' title='bbox 321 3019 352 3028; x_wconf 45' lang='grc' dir='ltr'><em>ψ</em></span> <span class='ocrx_word' id='word_1_211' title='bbox 369 2978 472 3040; x_wconf 86' lang='grc' dir='ltr'><strong><em>σαυτὸν</em></strong></span> <span class='ocrx_word' id='word_1_212' title='bbox 491 2977 519 3035; x_wconf 86' lang='grc' dir='ltr'><strong><em>δ’</em></strong></span> <span class='ocrx_word' id='word_1_213' title='bbox 536 2983 601 3051; x_wconf 82' lang='lat' dir='ltr'><strong>post</strong></span> <span class='ocrx_word' id='word_1_214' title='bbox 620 2983 727 3050; x_wconf 76' lang='grc' dir='ltr'><strong><em>αἵρεσιν</em></strong></span> <span class='ocrx_word' id='word_1_215' title='bbox 742 2979 767 3046; x_wconf 77' lang='grc' dir='ltr'><strong><em>ζ’</em></strong></span> <span class='ocrx_word' id='word_1_216' title='bbox 779 2982 855 3038; x_wconf 73' lang='lat' dir='ltr'><strong>End.</strong></span> <span class='ocrx_word' id='word_1_217' title='bbox 911 2990 925 3037; x_wconf 77' lang='lat'><strong>7</strong></span> <span class='ocrx_word' id='word_1_218' title='bbox 947 2982 986 3045; x_wconf 85' lang='grc' dir='ltr'><strong><em>είς</em></strong></span> <span class='ocrx_word' id='word_1_219' title='bbox 1005 2980 1038 3037; x_wconf 87' lang='grc' dir='ltr'><strong><em>τά</em></strong></span> <span class='ocrx_word' id='word_1_220' title='bbox 1057 2979 1211 3040; x_wconf 80' lang='grc' dir='ltr'><strong><em>Ἰονλιανοῦ</em></strong></span> <span class='ocrx_word' id='word_1_221' title='bbox 1229 2989 1280 3043; x_wconf 80' lang='grc' dir='ltr'><strong><em>τοῦ</em></strong></span> 
     </span>
     <span class='ocr_line' id='line_1_26' title="bbox 131 3059 1280 3136; baseline -0.003 -12"><span class='ocrx_word' id='word_1_222' title='bbox 131 3070 296 3136; x_wconf 80' lang='grc' dir='ltr'><strong><em>-Χαλδαίον,</em></strong></span> <span class='ocrx_word' id='word_1_223' title='bbox 316 3059 480 3135; x_wconf 85' lang='grc' dir='ltr'><strong><em>φιλοσόφων</em></strong></span> <span class='ocrx_word' id='word_1_224' title='bbox 500 3059 623 3130; x_wconf 80' lang='grc' dir='ltr'><strong><em>ἱστορίαν</em></strong></span> <span class='ocrx_word' id='word_1_225' title='bbox 645 3062 768 3115; x_wconf 78' lang='lat' dir='ltr'><em>Valesius</em></span> <span class='ocrx_word' id='word_1_226' title='bbox 787 3062 814 3114; x_wconf 93' lang='lat' dir='ltr'><strong><em>in</em></strong></span> <span class='ocrx_word' id='word_1_227' title='bbox 837 3062 943 3117; x_wconf 88' lang='lat' dir='ltr'><strong>Sozom.</strong></span> <span class='ocrx_word' id='word_1_228' title='bbox 963 3064 988 3129; x_wconf 89' lang='lat' dir='ltr'><strong><em>I,</em></strong></span> <span class='ocrx_word' id='word_1_229' title='bbox 1004 3070 1050 3131; x_wconf 74' lang='lat'><strong><em>183</em></strong></span> <span class='ocrx_word' id='word_1_230' title='bbox 1075 3066 1124 3118; x_wconf 88' lang='lat' dir='ltr'><strong><em>sed</em></strong></span> <span class='ocrx_word' id='word_1_231' title='bbox 1143 3083 1280 3122; x_wconf 89' lang='lat' dir='ltr'><strong>commen-</strong></span> 
     </span>
     <span class='ocr_line' id='line_1_27' title="bbox 139 3137 1279 3213; baseline -0.002 -11"><span class='ocrx_word' id='word_1_232' title='bbox 139 3149 221 3204; x_wconf 85' lang='lat' dir='ltr'><strong>tarios</strong></span> <span class='ocrx_word' id='word_1_233' title='bbox 240 3149 277 3202; x_wconf 89' lang='lat' dir='ltr'><strong><em>ad</em></strong></span> <span class='ocrx_word' id='word_1_234' title='bbox 296 3144 397 3200; x_wconf 83' lang='lat' dir='ltr'><strong>iuliani</strong></span> <span class='ocrx_word' id='word_1_235' title='bbox 415 3141 480 3211; x_wconf 78' lang='grc' dir='ltr'><strong><em>περὶ</em></strong></span> <span class='ocrx_word' id='word_1_236' title='bbox 499 3137 642 3211; x_wconf 84' lang='grc' dir='ltr'><strong><em>δαιμόνων</em></strong></span> <span class='ocrx_word' id='word_1_237' title='bbox 662 3141 747 3195; x_wconf 85' lang='lat' dir='ltr'><strong>fuisse</strong></span> <span class='ocrx_word' id='word_1_238' title='bbox 765 3142 837 3196; x_wconf 79' lang='lat' dir='ltr'><strong>vidit</strong></span> <span class='ocrx_word' id='word_1_239' title='bbox 857 3144 1028 3213; x_wconf 74' lang='grc' dir='ltr'><strong><em>θαιεολιικίά,</em></strong></span> <span class='ocrx_word' id='word_1_240' title='bbox 1047 3145 1143 3213; x_wconf 82' lang='lat' dir='ltr'><strong>itaque</strong></span> <span class='ocrx_word' id='word_1_241' title='bbox 1161 3146 1279 3201; x_wconf 82' lang='lat' dir='ltr'><strong>fortasse</strong></span> 
     </span>
     <span class='ocr_line' id='line_1_28' title="bbox 139 3218 1279 3296; baseline 0.001 -15"><span class='ocrx_word' id='word_1_242' title='bbox 139 3229 201 3296; x_wconf 83' lang='lat' dir='ltr'><strong>post</strong></span> <span class='ocrx_word' id='word_1_243' title='bbox 219 3224 269 3281; x_wconf 86' lang='grc' dir='ltr'><strong><em>ίστ.</em></strong></span> <span class='ocrx_word' id='word_1_244' title='bbox 290 3224 423 3279; x_wconf 78' lang='lat' dir='ltr'><strong>excidisse</strong></span> <span class='ocrx_word' id='word_1_245' title='bbox 443 3218 601 3291; x_wconf 69' lang='lat' dir='ltr'><strong>(potiremur</strong></span> <span class='ocrx_word' id='word_1_246' title='bbox 620 3219 744 3289; x_wconf 77' lang='grc' dir='ltr'><strong><em>ἱστορίαν</em></strong></span> <span class='ocrx_word' id='word_1_247' title='bbox 804 3229 820 3276; x_wconf 89' lang='grc'>8</span> <span class='ocrx_word' id='word_1_248' title='bbox 839 3219 1014 3294; x_wconf 82' lang='grc' dir='ltr'><strong><em>κατάχριστ.</em></strong></span> <span class='ocrx_word' id='word_1_249' title='bbox 1033 3253 1069 3266; x_wconf 76' lang='lat'><em>-</em></span> <span class='ocrx_word' id='word_1_250' title='bbox 1088 3222 1119 3280; x_wconf 79' lang='grc' dir='ltr'><strong><em>ιε’</em></strong></span> <span class='ocrx_word' id='word_1_251' title='bbox 1136 3243 1190 3281; x_wconf 90' lang='lat' dir='ltr'><strong>om.</strong></span> <span class='ocrx_word' id='word_1_252' title='bbox 1205 3232 1236 3294; x_wconf 82' lang='lat' dir='ltr'><strong><em>V,</em></strong></span> <span class='ocrx_word' id='word_1_253' title='bbox 1256 3246 1279 3282; x_wconf 87' lang='lat' dir='ltr'><strong><em>s.</em></strong></span> 
     </span>
     <span class='ocr_line' id='line_1_29' title="bbox 138 3297 1277 3376; baseline -0.001 -17"><span class='ocrx_word' id='word_1_254' title='bbox 138 3306 181 3362; x_wconf 86' lang='lat' dir='ltr'><strong>fin.</strong></span> <span class='ocrx_word' id='word_1_255' title='bbox 195 3307 283 3361; x_wconf 77' lang='lat' dir='ltr'><strong>habet</strong></span> <span class='ocrx_word' id='word_1_256' title='bbox 297 3305 371 3360; x_wconf 74' lang='grc' dir='ltr'><strong><em>Ειιά.</em></strong></span> <span class='ocrx_word' id='word_1_257' title='bbox 433 3310 467 3356; x_wconf 89' lang='grc'><strong><em>10</em></strong></span> <span class='ocrx_word' id='word_1_258' title='bbox 487 3303 578 3375; x_wconf 81' lang='grc' dir='ltr'><strong><em>βιβλία</em></strong></span> <span class='ocrx_word' id='word_1_259' title='bbox 597 3297 619 3356; x_wconf 79' lang='grc' dir='ltr'><strong><em>ε’</em></strong></span> <span class='ocrx_word' id='word_1_260' title='bbox 636 3334 670 3344; x_wconf 86' lang='grc'><strong><em>-</em></strong></span> <span class='ocrx_word' id='word_1_261' title='bbox 689 3299 825 3372; x_wconf 79' lang='grc' dir='ltr'><strong><em>βασιλέων</em></strong></span> <span class='ocrx_word' id='word_1_262' title='bbox 845 3310 932 3356; x_wconf 70' lang='lat' dir='ltr'><strong>cmv</strong></span> <span class='ocrx_word' id='word_1_263' title='bbox 1005 3311 1043 3359; x_wconf 59' lang='grc'><strong><em>13.</em></strong></span> <span class='ocrx_word' id='word_1_264' title='bbox 1057 3307 1121 3374; x_wconf 83' lang='lat' dir='ltr'><strong>post</strong></span> <span class='ocrx_word' id='word_1_265' title='bbox 1145 3307 1237 3376; x_wconf 87' lang='grc' dir='ltr'><strong><em>βιβλία</em></strong></span> <span class='ocrx_word' id='word_1_266' title='bbox 1256 3303 1277 3358; x_wconf 83' lang='grc' dir='ltr'><strong><em>ι’</em></strong></span> 
     </span>
     <span class='ocr_line' id='line_1_30' title="bbox 139 3376 1278 3457; baseline -0.001 -17"><span class='ocrx_word' id='word_1_267' title='bbox 139 3387 200 3443; x_wconf 81' lang='lat' dir='ltr'><strong>add.</strong></span> <span class='ocrx_word' id='word_1_268' title='bbox 215 3386 291 3440; x_wconf 75' lang='lat' dir='ltr'><strong>End.</strong></span> <span class='ocrx_word' id='word_1_269' title='bbox 311 3386 393 3439; x_wconf 82' lang='lat' dir='ltr'><strong>haec:</strong></span> <span class='ocrx_word' id='word_1_270' title='bbox 412 3379 463 3457; x_wconf 79' lang='grc' dir='ltr'><strong><em>τάς</em></strong></span> <span class='ocrx_word' id='word_1_271' title='bbox 477 3380 652 3451; x_wconf 83' lang='grc' dir='ltr'><strong><em>καλουμένας</em></strong></span> <span class='ocrx_word' id='word_1_272' title='bbox 668 3380 692 3436; x_wconf 83' lang='grc' dir='ltr'><strong><em>ε’</em></strong></span> <span class='ocrx_word' id='word_1_273' title='bbox 710 3378 807 3451; x_wconf 83' lang='grc' dir='ltr'><strong><em>φωνὰς</em></strong></span> <span class='ocrx_word' id='word_1_274' title='bbox 825 3376 842 3451; x_wconf 79' lang='grc' dir='ltr'>ἢ</span> <span class='ocrx_word' id='word_1_275' title='bbox 862 3377 890 3452; x_wconf 75' lang='grc' dir='ltr'><strong><em>(ἢ</em></strong></span> <span class='ocrx_word' id='word_1_276' title='bbox 911 3383 972 3436; x_wconf 83' lang='lat' dir='ltr'><strong>add.</strong></span> <span class='ocrx_word' id='word_1_277' title='bbox 989 3384 1084 3450; x_wconf 69' lang='lat' dir='ltr'><strong>Daret)</strong></span> <span class='ocrx_word' id='word_1_278' title='bbox 1099 3384 1148 3451; x_wconf 74' lang='grc' dir='ltr'><strong><em>τῆς</em></strong></span> <span class='ocrx_word' id='word_1_279' title='bbox 1164 3380 1278 3452; x_wconf 80' lang='grc' dir='ltr'><strong><em>Ἀριστο-</em></strong></span> 
     </span>
     <span class='ocr_line' id='line_1_31' title="bbox 138 3458 1278 3533; baseline -0.001 -13"><span class='ocrx_word' id='word_1_280' title='bbox 138 3464 232 3528; x_wconf 79' lang='grc' dir='ltr'><strong><em>τέλους</em></strong></span> <span class='ocrx_word' id='word_1_281' title='bbox 250 3464 364 3533; x_wconf 81' lang='grc' dir='ltr'><strong><em>λογικῆς</em></strong></span> <span class='ocrx_word' id='word_1_282' title='bbox 381 3461 750 3531; x_wconf 58' lang='grc' dir='ltr'><strong><em>πραγματειάςιμεθοδικάς</em></strong></span> <span class='ocrx_word' id='word_1_283' title='bbox 769 3458 936 3530; x_wconf 85' lang='grc' dir='ltr'><strong><em>είσαγωγάς,</em></strong></span> <span class='ocrx_word' id='word_1_284' title='bbox 955 3465 1103 3531; x_wconf 76' lang='lat' dir='ltr'>postquam</span> <span class='ocrx_word' id='word_1_285' title='bbox 1122 3465 1206 3518; x_wconf 86' lang='lat' dir='ltr'><strong>antea</strong></span> <span class='ocrx_word' id='word_1_286' title='bbox 1225 3481 1278 3519; x_wconf 91' lang='lat' dir='ltr'><strong>om.</strong></span> 
     </span>
     <span class='ocr_line' id='line_1_32' title="bbox 139 3539 1279 3615; baseline -0.002 -15"><span class='ocrx_word' id='word_1_287' title='bbox 139 3545 200 3615; x_wconf 74' lang='lat' dir='ltr'><strong>neci</strong></span> <span class='ocrx_word' id='word_1_288' title='bbox 218 3543 320 3614; x_wconf 80' lang='grc' dir='ltr'><strong><em>γόνους</em></strong></span> <span class='ocrx_word' id='word_1_289' title='bbox 343 3576 369 3583; x_wconf 87' lang='grc'>-</span> <span class='ocrx_word' id='word_1_290' title='bbox 381 3539 606 3614; x_wconf 81' lang='grc' dir='ltr'><strong><em>συμβεβηκότος.</em></strong></span> <span class='ocrx_word' id='word_1_291' title='bbox 632 3542 671 3598; x_wconf 83' lang='lat' dir='ltr'><strong><em>Cf.</em></strong></span> <span class='ocrx_word' id='word_1_292' title='bbox 687 3542 790 3610; x_wconf 80' lang='lat' dir='ltr'><strong>chler‚</strong></span> <span class='ocrx_word' id='word_1_293' title='bbox 806 3540 877 3595; x_wconf 89' lang='lat' dir='ltr'><strong>Phil.</strong></span> <span class='ocrx_word' id='word_1_294' title='bbox 892 3543 919 3597; x_wconf 90' lang='lat' dir='ltr'><strong><em>h.</em></strong></span> <span class='ocrx_word' id='word_1_295' title='bbox 935 3543 973 3610; x_wconf 87' lang='lat' dir='ltr'><strong><em>Ii,</em></strong></span> <span class='ocrx_word' id='word_1_296' title='bbox 988 3542 1022 3596; x_wconf 83' lang='lat'><strong><em>2³</em></strong></span> <span class='ocrx_word' id='word_1_297' title='bbox 1041 3562 1067 3612; x_wconf 90' lang='lat' dir='ltr'><strong><em>p.</em></strong></span> <span class='ocrx_word' id='word_1_298' title='bbox 1083 3548 1143 3597; x_wconf 87' lang='grc'>213.</span> <span class='ocrx_word' id='word_1_299' title='bbox 1174 3543 1279 3598; x_wconf 86' lang='lat' dir='ltr'><strong>Verum</strong></span> 
     </span>
     <span class='ocr_line' id='line_1_33' title="bbox 139 3615 1279 3692; baseline 0 -12"><span class='ocrx_word' id='word_1_300' title='bbox 139 3626 251 3680; x_wconf 82' lang='lat' dir='ltr'><strong>titulum</strong></span> <span class='ocrx_word' id='word_1_301' title='bbox 265 3623 350 3678; x_wconf 89' lang='lat' dir='ltr'><strong>fuisse</strong></span> <span class='ocrx_word' id='word_1_302' title='bbox 366 3617 504 3691; x_wconf 79' lang='grc' dir='ltr'><strong><em>εἰσαγωγὴ</em></strong></span> <span class='ocrx_word' id='word_1_303' title='bbox 519 3615 536 3690; x_wconf 71' lang='grc' dir='ltr'>ἢ</span> <span class='ocrx_word' id='word_1_304' title='bbox 552 3621 617 3692; x_wconf 81' lang='grc' dir='ltr'><strong><em>περὶ</em></strong></span> <span class='ocrx_word' id='word_1_305' title='bbox 631 3623 686 3676; x_wconf 81' lang='grc' dir='ltr'><strong><em>τῶν</em></strong></span> <span class='ocrx_word' id='word_1_306' title='bbox 700 3622 783 3678; x_wconf 81' lang='grc' dir='ltr'><strong><em>πέντε</em></strong></span> <span class='ocrx_word' id='word_1_307' title='bbox 801 3623 904 3692; x_wconf 80' lang='grc' dir='ltr'><strong><em>φωνῶν</em></strong></span> <span class='ocrx_word' id='word_1_308' title='bbox 919 3623 996 3676; x_wconf 85' lang='lat' dir='ltr'><strong>vidit</strong></span> <span class='ocrx_word' id='word_1_309' title='bbox 1005 3623 1090 3677; x_wconf 76' lang='lat' dir='ltr'><strong>Docet</strong></span> <span class='ocrx_word' id='word_1_310' title='bbox 1147 3632 1179 3679; x_wconf 83' lang='lat'><strong><em>14</em></strong></span> <span class='ocrx_word' id='word_1_311' title='bbox 1195 3626 1279 3689; x_wconf 88' lang='grc' dir='ltr'><strong><em>είς-</em></strong></span> 
     </span>
     <span class='ocr_line' id='line_1_34' title="bbox 139 3702 1280 3776; baseline 0.003 -16"><span class='ocrx_word' id='word_1_312' title='bbox 139 3707 238 3776; x_wconf 79' lang='grc' dir='ltr'><strong><em>τέχνην</em></strong></span> <span class='ocrx_word' id='word_1_313' title='bbox 253 3706 290 3760; x_wconf 87' lang='lat' dir='ltr'><strong><em>ad</em></strong></span> <span class='ocrx_word' id='word_1_314' title='bbox 304 3703 498 3774; x_wconf 84' lang='lat' dir='ltr'><strong>cognominem</strong></span> <span class='ocrx_word' id='word_1_315' title='bbox 513 3702 623 3755; x_wconf 82' lang='lat' dir='ltr'><strong>rettulit</strong></span> <span class='ocrx_word' id='word_1_316' title='bbox 636 3703 814 3773; x_wconf 72' lang='lat' dir='ltr'><em>Bernhardy,</em></span> <span class='ocrx_word' id='word_1_317' title='bbox 838 3704 883 3757; x_wconf 92' lang='lat' dir='ltr'><strong><em>cui</em></strong></span> <span class='ocrx_word' id='word_1_318' title='bbox 899 3703 984 3757; x_wconf 82' lang='lat' dir='ltr'><strong>etiam</strong></span> <span class='ocrx_word' id='word_1_319' title='bbox 999 3704 1084 3759; x_wconf 88' lang='lat' dir='ltr'><strong>libros</strong></span> <span class='ocrx_word' id='word_1_320' title='bbox 1099 3705 1134 3760; x_wconf 86' lang='lat' dir='ltr'><strong><em>de</em></strong></span> <span class='ocrx_word' id='word_1_321' title='bbox 1150 3707 1235 3761; x_wconf 76' lang='lat' dir='ltr'><strong>Thuc.</strong></span> <span class='ocrx_word' id='word_1_322' title='bbox 1252 3713 1280 3763; x_wconf 86' lang='lat' dir='ltr'><strong><em>ct</em></strong></span> 
     </span>
     <span class='ocr_line' id='line_1_35' title="bbox 139 3778 1280 3858; baseline -0.001 -16"><span class='ocrx_word' id='word_1_323' title='bbox 139 3786 252 3842; x_wconf 77' lang='lat' dir='ltr'><strong>Aristid.</strong></span> <span class='ocrx_word' id='word_1_324' title='bbox 268 3786 347 3840; x_wconf 82' lang='lat' dir='ltr'><strong>dedit</strong></span> <span class='ocrx_word' id='word_1_325' title='bbox 360 3784 521 3858; x_wconf 77' lang='lat' dir='ltr'><strong>Gutschmid</strong></span> <span class='ocrx_word' id='word_1_326' title='bbox 578 3788 608 3836; x_wconf 88' lang='lat'><strong><em>15</em></strong></span> <span class='ocrx_word' id='word_1_327' title='bbox 624 3778 692 3837; x_wconf 86' lang='grc' dir='ltr'><strong><em>άλλα</em></strong></span> <span class='ocrx_word' id='word_1_328' title='bbox 708 3815 740 3823; x_wconf 92' lang='lat'>-</span> <span class='ocrx_word' id='word_1_329' title='bbox 756 3788 884 3854; x_wconf 79' lang='grc' dir='ltr'><strong><em>πλείστα,</em></strong></span> <span class='ocrx_word' id='word_1_330' title='bbox 904 3779 1006 3854; x_wconf 85' lang='grc' dir='ltr'><strong><em>ὁμοίως</em></strong></span> <span class='ocrx_word' id='word_1_331' title='bbox 1021 3784 1052 3839; x_wconf 73' lang='grc' dir='ltr'><strong><em>δὲ</em></strong></span> <span class='ocrx_word' id='word_1_332' title='bbox 1069 3785 1117 3840; x_wconf 84' lang='grc' dir='ltr'><strong><em>καλ</em></strong></span> <span class='ocrx_word' id='word_1_333' title='bbox 1132 3781 1184 3840; x_wconf 76' lang='lat' dir='ltr'><strong>crin</strong></span> <span class='ocrx_word' id='word_1_334' title='bbox 1199 3782 1280 3856; x_wconf 89' lang='grc' dir='ltr'><strong><em>όλίγα</em></strong></span> 
     </span>
     <span class='ocr_line' id='line_1_36' title="bbox 139 3858 1280 3938; baseline -0.001 -16"><span class='ocrx_word' id='word_1_335' title='bbox 139 3862 330 3936; x_wconf 81' lang='grc' dir='ltr'><strong><em>άττρολογικά,</em></strong></span> <span class='ocrx_word' id='word_1_336' title='bbox 350 3861 381 3919; x_wconf 79' lang='grc' dir='ltr'><strong><em>ἕν</em></strong></span> <span class='ocrx_word' id='word_1_337' title='bbox 396 3862 437 3926; x_wconf 84' lang='grc' dir='ltr'><strong><em>οἷς</em></strong></span> <span class='ocrx_word' id='word_1_338' title='bbox 452 3864 527 3918; x_wconf 76' lang='lat' dir='ltr'><strong>End.</strong></span> <span class='ocrx_word' id='word_1_339' title='bbox 557 3863 685 3917; x_wconf 82' lang='lat' dir='ltr'><strong>Ceterum</strong></span> <span class='ocrx_word' id='word_1_340' title='bbox 700 3865 786 3919; x_wconf 82' lang='lat' dir='ltr'><strong>verba</strong></span> <span class='ocrx_word' id='word_1_341' title='bbox 800 3864 847 3918; x_wconf 80' lang='grc' dir='ltr'><strong><em>καὶ</em></strong></span> <span class='ocrx_word' id='word_1_342' title='bbox 862 3863 980 3934; x_wconf 85' lang='grc' dir='ltr'><strong><em>μάλιστα</em></strong></span> <span class='ocrx_word' id='word_1_343' title='bbox 995 3858 1028 3905; x_wconf 56' lang='lat'><strong><em>3-</em></strong></span> <span class='ocrx_word' id='word_1_344' title='bbox 1044 3869 1097 3938; x_wconf 87' lang='grc' dir='ltr'><strong><em>βιβ.</em></strong></span> <span class='ocrx_word' id='word_1_345' title='bbox 1113 3862 1141 3934; x_wconf 83' lang='grc' dir='ltr'><strong><em>γ’</em></strong></span> <span class='ocrx_word' id='word_1_346' title='bbox 1162 3867 1197 3920; x_wconf 85' lang='lat' dir='ltr'><strong><em>ad</em></strong></span> <span class='ocrx_word' id='word_1_347' title='bbox 1212 3868 1280 3922; x_wconf 85' lang='lat' dir='ltr'><strong>aite-</strong></span> 
     </span>
     <span class='ocr_line' id='line_1_37' title="bbox 140 3945 1280 4016; baseline 0 -15"><span class='ocrx_word' id='word_1_348' title='bbox 140 3963 198 4001; x_wconf 86' lang='lat' dir='ltr'><strong><em>mm</em></strong></span> <span class='ocrx_word' id='word_1_349' title='bbox 217 3945 403 4015; x_wconf 88' lang='lat' dir='ltr'>Porphyrium</span> <span class='ocrx_word' id='word_1_350' title='bbox 427 3945 630 4012; x_wconf 79' lang='lat' dir='ltr'><strong>astronomum,</strong></span> <span class='ocrx_word' id='word_1_351' title='bbox 654 3945 848 4014; x_wconf 83' lang='lat' dir='ltr'><strong>cognominem</strong></span> <span class='ocrx_word' id='word_1_352' title='bbox 866 3945 967 4014; x_wconf 77' lang='lat' dir='ltr'><strong>nostri,</strong></span> <span class='ocrx_word' id='word_1_353' title='bbox 992 3948 1116 4016; x_wconf 88' lang='lat' dir='ltr'><strong>spectare</strong></span> <span class='ocrx_word' id='word_1_354' title='bbox 1137 3948 1280 4016; x_wconf 80' lang='lat' dir='ltr'><strong>perspexit</strong></span> 
     </span>
     <span class='ocr_line' id='line_1_38' title="bbox 141 4022 1279 4099; baseline 0.001 -19"><span class='ocrx_word' id='word_1_355' title='bbox 141 4026 310 4091; x_wconf 75' lang='lat' dir='ltr'><strong>Gutschmid3</strong></span> <span class='ocrx_word' id='word_1_356' title='bbox 330 4024 419 4081; x_wconf 87' lang='lat' dir='ltr'><strong>nostri</strong></span> <span class='ocrx_word' id='word_1_357' title='bbox 436 4022 585 4091; x_wconf 80' lang='lat' dir='ltr'><strong>Porphyrii</strong></span> <span class='ocrx_word' id='word_1_358' title='bbox 602 4024 688 4077; x_wconf 91' lang='lat' dir='ltr'><strong>libros</strong></span> <span class='ocrx_word' id='word_1_359' title='bbox 703 4042 760 4099; x_wconf 87' lang='lat' dir='ltr'><strong><em>non</em></strong></span> <span class='ocrx_word' id='word_1_360' title='bbox 774 4041 848 4094; x_wconf 81' lang='lat' dir='ltr'><strong>esse,</strong></span> <span class='ocrx_word' id='word_1_361' title='bbox 867 4028 1002 4094; x_wconf 86' lang='lat' dir='ltr'><strong>probatur</strong></span> <span class='ocrx_word' id='word_1_362' title='bbox 1021 4027 1107 4080; x_wconf 86' lang='lat' dir='ltr'><strong>etiam</strong></span> <span class='ocrx_word' id='word_1_363' title='bbox 1123 4027 1216 4080; x_wconf 85' lang='lat' dir='ltr'><strong>verbis</strong></span> <span class='ocrx_word' id='word_1_364' title='bbox 1231 4028 1279 4081; x_wconf 83' lang='grc' dir='ltr'><strong><em>καὶ</em></strong></span> 
     </span>
     <span class='ocr_line' id='line_1_39' title="bbox 141 4099 1278 4175; baseline -0.001 -16"><span class='ocrx_word' id='word_1_365' title='bbox 141 4099 166 4163; x_wconf 87' lang='grc' dir='ltr'><strong><em>ά.</em></strong></span> <span class='ocrx_word' id='word_1_366' title='bbox 184 4112 320 4174; x_wconf 72' lang='grc' dir='ltr'><strong><em>πλεῖστα,</em></strong></span> <span class='ocrx_word' id='word_1_367' title='bbox 332 4105 433 4173; x_wconf 88' lang='lat' dir='ltr'><strong>quibus</strong></span> <span class='ocrx_word' id='word_1_368' title='bbox 452 4104 527 4157; x_wconf 87' lang='lat' dir='ltr'><strong>vitae</strong></span> <span class='ocrx_word' id='word_1_369' title='bbox 546 4103 608 4156; x_wconf 86' lang='lat' dir='ltr'><strong>finis</strong></span> <span class='ocrx_word' id='word_1_370' title='bbox 627 4104 774 4174; x_wconf 86' lang='lat' dir='ltr'><strong>impositus</strong></span> <span class='ocrx_word' id='word_1_371' title='bbox 794 4109 848 4175; x_wconf 84' lang='lat' dir='ltr'><strong>est,</strong></span> <span class='ocrx_word' id='word_1_372' title='bbox 867 4108 964 4174; x_wconf 87' lang='lat' dir='ltr'><strong>itaque</strong></span> <span class='ocrx_word' id='word_1_373' title='bbox 983 4108 1026 4160; x_wconf 89' lang='lat' dir='ltr'><strong><em>vel</em></strong></span> <span class='ocrx_word' id='word_1_374' title='bbox 1047 4125 1127 4175; x_wconf 89' lang='grc' dir='ltr'><strong><em>γραμ.</em></strong></span> <span class='ocrx_word' id='word_1_375' title='bbox 1147 4101 1195 4160; x_wconf 75' lang='lat' dir='ltr'><strong>cin.</strong></span> <span class='ocrx_word' id='word_1_376' title='bbox 1213 4106 1278 4161; x_wconf 88' lang='lat' dir='ltr'><strong>Por-</strong></span> 
     </span>
     <span class='ocr_line' id='line_1_40' title="bbox 141 4178 1279 4256; baseline -0.001 -16"><span class='ocrx_word' id='word_1_377' title='bbox 141 4185 238 4256; x_wconf 82' lang='lat' dir='ltr'><strong>phyrio</strong></span> <span class='ocrx_word' id='word_1_378' title='bbox 263 4183 451 4240; x_wconf 80' lang='lat' dir='ltr'><strong>abiudiccndn</strong></span> <span class='ocrx_word' id='word_1_379' title='bbox 469 4185 535 4237; x_wconf 88' lang='lat' dir='ltr'><strong>sunt</strong></span> <span class='ocrx_word' id='word_1_380' title='bbox 607 4190 640 4237; x_wconf 84' lang='grc'><strong><em>16</em></strong></span> <span class='ocrx_word' id='word_1_381' title='bbox 659 4182 798 4255; x_wconf 81' lang='grc' dir='ltr'><strong><em>ἐίσαγωγή</em></strong></span> <span class='ocrx_word' id='word_1_382' title='bbox 817 4193 839 4239; x_wconf 89' lang='lat' dir='ltr'>v</span> <span class='ocrx_word' id='word_1_383' title='bbox 902 4194 934 4241; x_wconf 92' lang='grc'><strong><em>17</em></strong></span> <span class='ocrx_word' id='word_1_384' title='bbox 953 4178 1104 4253; x_wconf 78' lang='grc' dir='ltr'><strong><em>οὖτοςέοη.</em></strong></span> <span class='ocrx_word' id='word_1_385' title='bbox 1121 4202 1174 4242; x_wconf 90' lang='lat' dir='ltr'><strong>om.</strong></span> <span class='ocrx_word' id='word_1_386' title='bbox 1190 4186 1279 4254; x_wconf 83' lang='grc' dir='ltr'><strong><em>Εκιί.;</em></strong></span> 
     </span>
     <span class='ocr_line' id='line_1_41' title="bbox 143 4262 1280 4335; baseline -0.001 -16"><span class='ocrx_word' id='word_1_387' title='bbox 143 4265 173 4320; x_wconf 87' lang='lat' dir='ltr'><strong><em>de</em></strong></span> <span class='ocrx_word' id='word_1_388' title='bbox 187 4265 388 4321; x_wconf 71' lang='lat' dir='ltr'><strong>additamentis</strong></span> <span class='ocrx_word' id='word_1_389' title='bbox 403 4263 506 4317; x_wconf 84' lang='lat' dir='ltr'><strong>Suidac</strong></span> <span class='ocrx_word' id='word_1_390' title='bbox 521 4262 578 4316; x_wconf 87' lang='lat' dir='ltr'><strong>dixi</strong></span> <span class='ocrx_word' id='word_1_391' title='bbox 587 4262 657 4317; x_wconf 88' lang='lat' dir='ltr'><strong>Mus.</strong></span> <span class='ocrx_word' id='word_1_392' title='bbox 677 4265 764 4322; x_wconf 85' lang='lat' dir='ltr'><strong>Rhen.</strong></span> <span class='ocrx_word' id='word_1_393' title='bbox 775 4265 793 4320; x_wconf 90' lang='lat' dir='ltr'><strong><em>l.</em></strong></span> <span class='ocrx_word' id='word_1_394' title='bbox 805 4283 827 4321; x_wconf 90' lang='lat' dir='ltr'><strong><em>c.</em></strong></span> <span class='ocrx_word' id='word_1_395' title='bbox 843 4267 993 4321; x_wconf 82' lang='lat' dir='ltr'><strong>lectoribus</strong></span> <span class='ocrx_word' id='word_1_396' title='bbox 1006 4265 1105 4319; x_wconf 81' lang='lat' dir='ltr'><strong>tribuit</strong></span> <span class='ocrx_word' id='word_1_397' title='bbox 1114 4264 1280 4335; x_wconf 75' lang='lat' dir='ltr'><strong>Bernhardy</strong></span> 
     </span>
     <span class='ocr_line' id='line_1_42' title="bbox 209 4342 1312 4414; baseline 0 -15"><span class='ocrx_word' id='word_1_398' title='bbox 209 4344 333 4400; x_wconf 81' lang='lat' dir='ltr'>DCLXII</span> <span class='ocrx_word' id='word_1_399' title='bbox 351 4344 427 4398; x_wconf 78' lang='lat' dir='ltr'><strong>End.</strong></span> <span class='ocrx_word' id='word_1_400' title='bbox 444 4362 473 4412; x_wconf 94' lang='lat' dir='ltr'><strong><em>-p.</em></strong></span> <span class='ocrx_word' id='word_1_401' title='bbox 489 4349 549 4399; x_wconf 81' lang='lat'>610.</span> <span class='ocrx_word' id='word_1_402' title='bbox 579 4343 618 4397; x_wconf 77' lang='lat' dir='ltr'><strong><em>Of.</em></strong></span> <span class='ocrx_word' id='word_1_403' title='bbox 636 4363 661 4398; x_wconf 93' lang='lat' dir='ltr'><strong><em>v.</em></strong></span> <span class='ocrx_word' id='word_1_404' title='bbox 677 4347 838 4407; x_wconf 73' lang='lat' dir='ltr'><strong>Homines.</strong></span> <span class='ocrx_word' id='word_1_405' title='bbox 865 4347 906 4400; x_wconf 85' lang='lat' dir='ltr'><strong><em>De</em></strong></span> <span class='ocrx_word' id='word_1_406' title='bbox 926 4362 958 4400; x_wconf 85' lang='lat' dir='ltr'><strong><em>ec</em></strong></span> <span class='ocrx_word' id='word_1_407' title='bbox 973 4364 997 4400; x_wconf 90' lang='lat' dir='ltr'><strong><em>v.</em></strong></span> <span class='ocrx_word' id='word_1_408' title='bbox 1012 4342 1114 4396; x_wconf 80' lang='lat' dir='ltr'><strong>Mfflier</strong></span> <span class='ocrx_word' id='word_1_409' title='bbox 1133 4345 1212 4414; x_wconf 87' lang='lat' dir='ltr'><strong>Hip.</strong></span> <span class='ocrx_word' id='word_1_410' title='bbox 1227 4349 1278 4399; x_wconf 78' lang='grc'><strong><em>245</em></strong></span> <span class='ocrx_word' id='word_1_411' title='bbox 1311 4345 1312 4350; x_wconf 68' lang='grc'>’</span> 
     </span>
     <span class='ocr_line' id='line_1_43' title="bbox 145 4417 1277 4487; baseline 0.003 -9"><span class='ocrx_word' id='word_1_412' title='bbox 145 4429 174 4480; x_wconf 84' lang='grc'><strong><em>19</em></strong></span> <span class='ocrx_word' id='word_1_413' title='bbox 188 4422 260 4481; x_wconf 81' lang='grc' dir='ltr'><strong><em>κατὰ</em></strong></span> <span class='ocrx_word' id='word_1_414' title='bbox 276 4424 308 4480; x_wconf 80' lang='grc' dir='ltr'><strong><em>δέ</em></strong></span> <span class='ocrx_word' id='word_1_415' title='bbox 322 4424 486 4487; x_wconf 84' lang='grc' dir='ltr'><strong><em>τιναςΕιιιί.</em></strong></span> <span class='ocrx_word' id='word_1_416' title='bbox 543 4431 576 4478; x_wconf 88' lang='grc'><strong><em>20</em></strong></span> <span class='ocrx_word' id='word_1_417' title='bbox 592 4417 622 4486; x_wconf 85' lang='grc' dir='ltr'><strong><em>ὃς</em></strong></span> <span class='ocrx_word' id='word_1_418' title='bbox 638 4441 691 4480; x_wconf 90' lang='lat' dir='ltr'><strong>om.</strong></span> <span class='ocrx_word' id='word_1_419' title='bbox 704 4431 754 4478; x_wconf 77' lang='lat' dir='ltr'><strong><em>AV</em></strong></span> <span class='ocrx_word' id='word_1_420' title='bbox 808 4431 842 4479; x_wconf 90' lang='grc'><strong><em>22</em></strong></span> <span class='ocrx_word' id='word_1_421' title='bbox 857 4428 874 4480; x_wconf 94' lang='lat' dir='ltr'><strong><em>i.</em></strong></span> <span class='ocrx_word' id='word_1_422' title='bbox 891 4444 913 4480; x_wconf 86' lang='lat' dir='ltr'><strong><em>c.</em></strong></span> <span class='ocrx_word' id='word_1_423' title='bbox 929 4424 1062 4479; x_wconf 86' lang='lat' dir='ltr'><strong>Marcello</strong></span> <span class='ocrx_word' id='word_1_424' title='bbox 1078 4426 1190 4480; x_wconf 87' lang='lat' dir='ltr'><strong>consule</strong></span> <span class='ocrx_word' id='word_1_425' title='bbox 1205 4443 1228 4482; x_wconf 88' lang='lat' dir='ltr'><strong><em>a.</em></strong></span> <span class='ocrx_word' id='word_1_426' title='bbox 1245 4432 1277 4480; x_wconf 81' lang='lat'><strong><em>51</em></strong></span> 
     </span>
    </p>
   </div>
   <div class='ocr_carea' id='block_1_4' title="bbox 192 4521 1066 4578">
    <p class='ocr_par' dir='ltr' id='par_1_4' title="bbox 192 4521 1066 4578">
     <span class='ocr_line' id='line_1_44' title="bbox 192 4521 1066 4578; baseline 0.003 -12"><span class='ocrx_word' id='word_1_427' title='bbox 192 4525 483 4578; x_wconf 76' lang='lat' dir='ltr'><strong>Hnsxca1os‚ed.1⁴¹lach.</strong></span> <span class='ocrx_word' id='word_1_428' title='bbox 943 4541 944 4544; x_wconf 45' lang='lat'>¹</span> <span class='ocrx_word' id='word_1_429' title='bbox 1034 4521 1066 4569; x_wconf 80' lang='lat'><strong><em>12</em></strong></span> 
     </span>
    </p>
   </div>
   <div class='ocr_carea' id='block_1_5' title="bbox 0 0 1460 5056">
    <p class='ocr_par' dir='ltr' id='par_1_5' title="bbox 0 0 1460 5056">
     <span class='ocr_line' id='line_1_45' title="bbox 0 0 1460 5056; baseline 0 0"><span class='ocrx_word' id='word_1_430' title='bbox 0 0 1460 5056; x_wconf 95' lang='lat' dir='ltr'><strong><em> </em></strong></span> 
     </span>
    </p>
   </div>
  </div>
 </body>
</html>
