2910 5056
584 318 868 376 PROLIIGOMEINA.
1239 323 1302 377 XLI

150 480 334 564 neglexisse
361 482 433 547 luce
462 483 580 548 clarius
610 484 670 567 sit3
696 508 725 549 v.
749 485 983 568 Σιμωνίδης
1011 487 1157 566 Arcano.
1186 485 1257 550 add
1280 480 1302 570 ἡ

150 580 203 650 ἐντ’
222 580 414 675 Ἀρτεμισίῳ
429 593 613 673 ναυμαχία,
633 590 718 674 quod
738 591 850 656 'verum
865 611 934 655 esse
949 589 1058 655 docuIt
1071 589 1190 675 Bergk,
1209 591 1301 657 Poet.
1344 630 1348 636 ·

150 693 229 777 Lyr.
251 716 281 776 p.
303 693 435 781 1145¹);
460 717 488 760 v.
509 699 642 761 Φίλων
662 699 753 780 Βνβ.
778 697 848 762 add.
872 693 1101 781 ἐπιγράμματα
1125 700 1240 781 βιβλία
1258 693 1302 783 δ’,

153 822 237 885 quae
266 801 449 886 suspicione
480 825 594 868 vacare
622 804 705 869 vidit
726 804 856 888 Mliller,
883 805 920 868 fr.
944 804 1019 868 hist
1041 803 1091 869 ΠΙ
1118 826 1147 888 p.
1166 803 1245 889 5603
1273 828 1302 878 v,

155 908 330 990 Φιλητᾶς
358 909 427 974 sola
455 908 525 974 add.
552 905 592 975 τὰ
619 908 809 995 καλούμενα
832 907 1000 993 Negrana,
1029 932 1111 995 quae
1145 911 1184 975 ad
1211 910 1302 975 Phil-

152 1016 239 1079 team
266 1014 458 1080 historicum
488 1019 634 1099 spectare
666 1022 742 1102 post
771 1016 967 1082 Meinekium
1001 1015 1081 1081 vidit
1109 1016 1228 1082 Miller
1254 1018 1302 1083 IV

151 1145 183 1206 p.
203 1121 282 1206 478,
310 1121 393 1186 unde
417 1123 516 1186 ctiam
539 1123 686 1188 Philteae
714 1125 816 1189 vitam
839 1145 923 1189 nunc
951 1121 1152 1207 deperditam
1179 1123 1214 1187 in
1237 1123 1302 1188 He·

153 1228 259 1311 sychii
283 1227 521 1314 Onomatologo
545 1231 742 1316 descriptam
771 1231 871 1296 fuisse
896 1229 1011 1294 merito
1041 1230 1152 1316 colligi
1178 1234 1302 1316 potest,

152 1359 182 1400 v.
208 1331 488 1421 Χριστόδωρος
511 1337 581 1416 add.
606 1335 835 1422 ἐπιγράμματα
858 1333 902 1420 γ’,
925 1332 1099 1414 ἐπιστολὰς
1121 1339 1234 1420 βιβλία
1255 1333 1300 1420 δ’,

153 1443 192 1508 de
216 1443 333 1528 quibus
356 1466 422 1509 non
447 1444 527 1508 sana
551 1448 642 1509 extat
665 1445 844 1530 disputatio
867 1443 995 1508 Pulchii
1018 1467 1049 1527 p.
1068 1445 1120 1528 90,
1144 1466 1215 1509 cum
1239 1466 1300 1509 nec

153 1551 193 1614 de
217 1550 466 1636 epigrammatis
490 1549 586 1637 (quae
610 1552 651 1616 ad
676 1556 800 1617 statuas
825 1548 988 1638 spectant)
1011 1572 1070 1615 nec
1094 1550 1132 1614 de
1153 1551 1300 1634 epistolis

150 1656 323 1722 dubItandi
345 1657 435 1722 Iocus
459 1657 511 1724 sit.
557 1657 735 1724 Minutiora
758 1659 895 1742 denique
919 1657 1140 1723 additamenta
1164 1656 1299 1722 adnecto

149 1763 264 1829 haece:
294 1787 323 1828 v.
347 1758 573 1862 Ἀρχιγένης
601 1765 670 1830 add.
693 1767 755 1837 τοῦ
785 1767 917 1849 ἰατροῦ,
946 1789 976 1829 v.
997 1757 1301 1849 Ἀνδροκλείδης

150 1871 231 1936 add·
244 1869 281 1936 ἐν
297 1865 543 1958 Ἀλεξανδρεία,
568 1873 653 1956 quod
673 1873 712 1937 de
737 1896 795 1939 suo
817 1895 887 1937 eam
912 1871 1071 1936 addidisse
1093 1893 1158 1935 non
1182 1871 1318 1954 probat.

149 1972 254 2044 Pulch
278 2002 309 2062 p.
324 1979 376 2062 82,
398 2000 427 2042 v.
447 1976 646 2056 Συνέοιος
669 1979 739 2044 add.
762 1977 846 2061 πρὸς
866 1974 1051 2064 Ἀρκάδιον.

241 2083 330 2159 Quae
348 2084 458 2148 omnia
477 2084 505 2149 si
523 2107 561 2149 ex
580 2107 639 2151 suo
659 2085 781 2150 addidit
799 2085 954 2169 Eudocia,
979 2106 1056 2150 sane
1076 2083 1296 2149 doctissimam

148 2191 320 2273 mulierem
348 2191 447 2256 fuisse
475 2194 580 2275 patet,
612 2214 710 2276 quam
733 2215 818 2258 nunc
847 2189 990 2256 ‘olidam’
1019 2190 1129 2255 dicunt
1156 2189 1298 2276 critici.²)

150 2296 216 2362 Sed
240 2299 348 2363 nescio
374 2320 424 2362 an,
439 2299 662 2363 testimonium
681 2298 973 2364 luculentissimum
994 2301 1082 2362 extet
1104 2320 1133 2364 v.
1149 2293 1299 2382 Ἀρρια-

150 2401 238 2482 νός,
261 2405 318 2469 ubi
337 2405 371 2468 in
390 2405 436 2470 ed
457 2403 492 2468 M
516 2410 549 2469 et
566 2405 641 2469 Ald.
659 2408 735 2490 post
758 2405 912 2494 ῥαψῳδία
935 2405 1053 2483 lacuna
1076 2428 1095 2469 a
1118 2404 1298 2489 typothetis

150 2512 285 2597 signata
303 2515 354 2576 est
373 2509 552 2596 (debebant
567 2512 674 2595 potius
693 2516 770 2597 post
783 2508 869 2598 κδ’),
888 2535 961 2577 cum
975 2511 1057 2576 Eud.
1071 2512 1226 2596 praebeat
1244 2509 1300 2576 nul

148 2615 237 2703 ἥλλα
255 2616 372 2701 πολλοὶ,
392 2641 474 2703 quae
490 2619 588 2683 verba
603 2622 678 2682 ante
693 2614 906 2694 εἰς”Ατταλον
922 2617 1100 2702 supplenda
1114 2640 1183 2683 esse
1198 2619 1299 2683 mani-

147 2726 272 2790 festum
296 2729 354 2791 est.
395 2724 463 2790 Nec
487 2726 593 2790 minus
618 2729 742 2791 certum
766 2729 903 2810 apparet
920 2748 950 2792 v.
965 2720 1173 2801 Ἀσιιιίσιος
1193 2730 1299 2811 Δημ,
1393 2810 1395 2814 Ι
1429 2758 1436 2770 ·

150 2833 211 2898 ubi
224 2832 373 2917 κριτικοῦ
388 2830 443 2896 καὶ
457 2834 698 2926 μαθηματικοῦ
708 2855 784 2916 pars
799 2833 956 2899 librorum
971 2836 1126 2917 praestat,
1138 2835 1299 2919 κριτικοῦ,

148 2942 386 3024 μαθηματικοῦ
405 2939 506 3004 REM
523 2940 592 3004 Ald.
607 2939 697 3024 Eud,
718 2963 767 3023 κρ.
786 2937 840 3004 καὶ
859 2935 1024 3023 μαθητής,
1044 2939 1128 3024 quod
1148 2940 1296 3024 equidem

149 3048 237 3132 lego,
255 3047 285 3110 A
305 3047 402 3132 (unde
420 3045 476 3111 καὶ
495 3047 572 3112 olim
591 3047 690 3112 fuisse
711 3043 839 3132 elucet),
854 3047 908 3111 sed
928 3068 1009 3131 quac
1025 3046 1110 3110 infra
1130 3046 1202 3111 add.
1216 3047 1298 3113 Eud.
1325 3102 1327 3107 .

149 3152 226 3231 υίὸς
248 3151 304 3218 καὶ
326 3149 479 3238 μαθητής
503 3157 536 3217 et
554 3175 630 3218 vera
649 3175 719 3218 esse
738 3153 896 3236 probatur
914 3153 1103 3218 Philostrat.
1118 3152 1184 3219 Vit.
1199 3155 1241 3237 II,
1255 3155 1298 3218 33

150 3267 186 3326 et
208 3284 267 3345 pro
290 3259 346 3326 καὶ
369 3261 604 3344 μαθηματικοῦ
626 3259 827 3325 restituenda
851 3282 920 3325 esse
945 3259 1097 3343 suspicor.

242 3367 287 3431 At
310 3368 338 3432 si
361 3366 500 3431 fortasse
524 3366 604 3431 haec
628 3365 738 3431 omnia
765 3366 799 3429 in
822 3365 1053 3450 integrioribus
1077 3366 1156 3431 olim
1181 3364 1298 3432 Suidae

150 3474 245 3538 libris
270 3474 478 3557 exstiterunt,
502 3474 587 3558 quod
609 3474 822 3557 Bernhardyo
842 3472 957 3557 (praef.
976 3471 1063 3538 Suid.
1081 3498 1112 3558 p.
1132 3472 1299 3562 XXXIII),
1392 3482 1395 3487 ’

150 3581 313 3656 Meinekio
341 3579 394 3666 (fr.
423 3603 504 3646 com.
527 3581 543 3644 Ι
567 3603 596 3664 p.
620 3580 663 3645 35
687 3579 757 3667 al),
785 3577 912 3645 Daubio
940 3581 974 3644 in
1003 3580 1231 3646 dissertatione
1260 3582 1298 3646 de

150 3687 309 3770 Violario,
321 3709 493 3772 parumper
509 3687 560 3752 vel
571 3686 834 3771 Wilamowitzio,
848 3688 999 3753 videlicet
1014 3709 1098 3753 anno
1110 3690 1297 3774 praeterito,

151 3794 258 3859 visum
282 3797 345 3878 cst,
369 3796 542 3878 quamnam
566 3817 625 3861 nos
650 3798 829 3859 statuemus
853 3794 998 3860 codicum
1017 3794 1158 3860 indolem
1182 3819 1219 3861 ac
1243 3819 1298 3861 ua·

149 3901 281 3966 turam?
309 3899 434 3984 Nempe
453 3923 526 3965 oum
545 3901 673 3985 saepius
692 3901 855 3986 conspiret
873 3900 1026 3987 Eudocia,
1049 3905 1086 3966 ut
1105 3924 1203 3987 supra
1222 3902 1298 3987 dixi,

226 4147 252 4216 1)
272 4147 366 4203 Habet
384 4148 470 4204 etiam
489 4149 574 4204 schol.
594 4150 640 4204 Ar.
661 4148 743 4218 Vesp.
765 4154 847 4217 1402,
871 4147 947 4215 quod
965 4165 999 4202 ex
1017 4147 1103 4203 Suida
1122 4148 1219 4203 intulit
1236 4148 1298 4203 Mu·

151 4247 240 4285 surus.
261 4228 317 4283 Sed
331 4246 394 4283 oum
409 4228 537 4285 omnibus
552 4230 654 4285 Suidae
668 4227 748 4283 libris
767 4228 953 4296 desideretur,
970 4245 1060 4283 nonne
1075 4226 1168 4297 potius
1183 4245 1216 4282 ex
1230 4228 1298 4284 Vio-

151 4307 224 4363 Iario
243 4308 273 4362 id
292 4307 467 4379 immigrasse
485 4311 665 4379 putabimus?

225 4391 252 4455 2)
277 4387 317 4442 of.
338 4387 538 4456 Wilamowitz,
558 4391 633 4461 apud
652 4391 751 4445 Maass.
772 4389 864 4461 Biogr.
884 4409 911 4460 p.
929 4395 993 4457 1483
1017 4389 1046 4442 in
1067 4387 1295 4457 ‘stupidissimis’

152 4483 216 4522 eam
234 4467 322 4523 habet
340 4468 478 4540 Masesp.
496 4476 554 4525 115.
