2880 5054
625 302 838 359 HESYCHIUS.
1257 305 1300 370 53

241 464 336 533 0011.
375 450 667 551 Διογενειανός
680 461 874 551 Ἡρακλείας
894 464 1042 552 Πόντου,
1066 467 1301 554 γραμματικός,

145 571 300 659 γεγονῶς
323 574 375 641 ἐπὶ
397 572 575 662 Ἀδριανοῦ
598 575 768 662 βασιλέως.

243 689 354 757 CCIII.
393 691 681 777 Διογένειανὲς
699 689 895 775 Ἡρακλείας
918 693 1040 778 ἑτέρας,
1066 689 1107 761 οῦ
1129 696 1186 777 τῆς
1209 692 1300 760 Πόν-

147 824 223 883 του,
242 797 478 884 γραμματικός,
501 785 647 883 γέγονῶς
669 799 724 864 καλ
747 796 847 877 αῦτός
866 799 917 866 ἐπὶ
933 797 1111 885 Ἀδριανοῦ
1129 803 1299 886 βασιλέως.

148 911 343 979 ἐπιστατέον
364 912 411 996 δέ,
436 908 563 996 μήποτέ
580 908 670 974 ἐστιν
691 904 708 976 ὁ
729 907 763 973 ἐκ
782 911 840 993 της
855 904 1015 992 Ἀλβολκης
1028 905 1223 994 Ἡρακλείας
1240 912 1326 994 τῆςτ

148 1021 187 1086 έν
210 1024 323 1106 Καρία
347 1016 474 1103 ἰατρός·
505 1005 549 1101 ἦν
579 1012 642 1101 γὰρ
671 1005 768 1094 οὗτος
797 1020 962 1093 παντοίως
989 1013 1111 1100 λόγιος.
1162 1014 1202 1083 οῦ
1235 1015 1299 1103 γαρ

148 1118 253 1213 εὗρον
280 1129 388 1211 ῥητῶς
417 1122 455 1192 τὸ
487 1124 520 1203 έξ
545 1118 738 1207 Ἡρακλείας
767 1119 871 1190 αῦτὸν
900 1118 986 1189 εἶναι
1013 1127 1072 1208 τῆς
1099 1123 1136 1189 έν
1165 1124 1300 1217 Πόντῳ,

148 1231 223 1301 ἀλλ’
252 1231 338 1301 οῦτω
363 1229 451 1313 παρά
474 1250 541 1298 τισι
566 1227 770 1309 δεδόξασται.
821 1235 910 1298 ἔστιν
930 1229 1018 1321 αὐτῷ
1042 1236 1155 1317 βιβλία
1182 1236 1300 1301 ταῦτα·

147 1343 235 1422 λέξις
253 1336 449 1423 παντοδαπὴ
464 1335 546 1404 κατὰ
566 1349 731 1422 στοιχεῖον
750 1337 786 1403 έν
805 1342 947 1423 βιβλίοις
966 1337 994 1405 ε’
1012 1337 1162 1426 (ἐπιτομὴ
1178 1343 1219 1408 δέ
1231 1344 1299 1408 ἐστι

146 1451 215 1516 τῶν
231 1452 415 1533 Παμφίλου
430 1446 549 1525 λέξεων
565 1447 704 1528 βιβλίων
720 1442 743 1510 έ
763 1444 819 1510 καὶ
839 1443 871 1523 o'
890 1444 945 1511 καὶ
966 1449 1033 1512 τῶν
1048 1450 1298 1536 Ζωπυρίωνος),
1314 1473 1339 1510 10

147 1551 407 1641 ἐπιγραμμάτων
431 1548 657 1634 ἆνθολόγιον,
685 1550 759 1635 περὶ
783 1555 957 1637 ποταμῶν,
982 1557 1126 1640 λιμνῶν,
1154 1559 1300 1642 κρηνῶν,
1404 1637 1406 1639 ,

147 1663 257 1746 ὀρῶν,
287 1659 495 1745 ἀκρωρειῶν,
526 1658 600 1743 περὶ
624 1661 812 1744 παροιμιῶν
836 1667 919 1725 κατὰ
948 1673 1112 1746 στοιχεῖον
1141 1663 1300 1748 ἐπίτομον

147 1768 362 1855 ἀναγραφήν,
382 1764 585 1852 συναγωγὴν
604 1766 659 1833 καλ
681 1771 804 1832 πίνακα
818 1769 885 1834 τῶν
900 1769 936 1834 έν
951 1766 1039 1855 πόση
1058 1773 1097 1855 τῇ
1113 1774 1154 1855 γη
1169 1772 1299 1838 πόλεων

148 1878 205 1944 καλ
230 1874 270 1943 τδι
293 1872 402 1943 λοιποὶ.

238 1992 348 2059 CCIV.
385 1989 582 2075 Διογένης
604 1983 624 2074 ἢ
646 1987 814 2073 Οἰνόμαος
834 1985 1014 2072 Ἀθηναῖος
1036 1989 1199 2074 τραγικός.
1220 1990 1226 2081 Ι
1247 1993 1296 2077 γέ-
1314 2015 1338 2053 15

147 2125 250 2185 γονεν
274 2097 326 2164 ἐπὶ
344 2101 402 2182 τῆς
423 2099 491 2163 τῶν
510 2093 538 2162 λ’
557 2094 774 2174 καταλύσεως.
799 2095 805 2186 Ι
832 2094 982 2181 δράματα
1002 2097 1107 2163 αὐτοῦ
1123 2094 1298 2183 Ἀχιλλεύς,

141 2204 277 2291 Ἑλένη,
311 2202 489 2290 Ἡρακλῆς,
518 2203 679 2286 Θυέστης,
712 2201 864 2287 Μήδεια,
895 2206 1071 2287 Οἰδίπους,
1095 2203 1298 2291 Χρύσιππος,

145 2314 289 2400 Σεμέλη.

237 2420 331 2487 CCV.
360 2420 560 2505 Διογένης
582 2410 617 2503 [ἢ
637 2415 890 2502 Λιογενειανδς]
911 2417 1098 2505 Κυζικηνὸς
1116 2446 1298 2508 γραμματι-

149 2588 362 2596 ——m

223 2686 295 2742 CCII
314 2687 355 2744 Cf.
374 2688 469 2754 Βοιαὶ),
489 2686 567 2742 stud.
584 2704 610 2755 p.
627 2692 660 2739 97
672 2702 729 2753 seq.
788 2692 804 2739 2
825 2682 872 2741 έπλ
889 2681 1032 2754 Ἀδριανοῦ
1052 2719 1086 2728 -
1106 2686 1298 2758 γραμματικὸς

144 2769 322 2838 insequentis
341 2768 417 2822 vitae
438 2785 472 2822 ex
485 2772 536 2821 ΔΥ
555 2766 679 2820 restituit
698 2766 847 2832 Galsford,
867 2784 920 2820 om.
941 2767 1002 2821 edd.
1022 2769 1089 2822 vett.
1110 2768 1185 2823 Εαολ.

217 2857 302 2912 CCIII
321 2858 395 2911 Eud.
411 2876 437 2926 p.
453 2862 519 2924 231,
538 2873 610 2924 quae
625 2855 725 2909 melius
741 2873 827 2908 unum
842 2855 970 2924 agnoscit
983 2857 1199 2927 grammaticum
1219 2860 1293 2927 (oum

143 2940 242 3008 vulp),
262 2955 297 2991 ex
315 2954 369 3006 quo
385 2939 509 2993 errantes
525 2937 594 2990 duos
607 2937 706 2990 fecisse
721 2934 829 2990 librarii
848 2935 986 2990 videntur.
1018 2936 1058 2990 Cf.
1069 2936 1182 3003 Weber,
1195 2938 1296 2991 Philol-

147 3019 246 3088 Suppl.
266 3017 306 3071 III
326 3036 350 3085 p.
371 3023 423 3071 469
444 3019 501 3072 not.
523 3022 569 3082 35,
592 3015 704 3082 Rohde,
728 3014 797 3069 Mus.
818 3015 906 3069 Rhen.
926 3015 1045 3070 XXXIII
1068 3035 1095 3086 p.
1116 3022 1166 3071 180
1190 3021 1246 3072 not.
1271 3026 1296 3088 3,

143 3099 257 3154 Uniers.
277 3115 304 3166 p.
325 3102 358 3150 66
377 3099 494 3150 not.10.
523 3101 635 3164 Διογον.
652 3089 709 3162 ‘Hp
730 3092 856 3164 Πόντου,
876 3115 977 3165 γραμμ.
1000 3092 1046 3151 ἐπὶ
1064 3091 1206 3165 Ἀδριανοῦ
1226 3090 1243 3166 ἢ
1265 3094 1296 3152 ἐκ

142 3179 194 3248 τῆς
213 3173 245 3231 έν
260 3177 355 3248 Καρίᾳ
369 3172 441 3229 κατὰ
457 3176 618 3245 Λυσίμαχον
633 3176 725 3243 βιβλία
741 3170 829 3252 αῦτοῦ
847 3173 990 3243 φέρονται.
1012 3175 1100 3242 λέξεις
1114 3178 1296 3231 παντοδαπαὶ

145 3261 200 3312 etc.
220 3257 298 3310 Εαιί.
316 3254 432 3324 reliquis
452 3255 569 3322 omissis,
589 3255 667 3308 cuius
685 3257 772 3310 verba
791 3255 893 3310 rectius
912 3255 952 3310 sic
966 3258 1145 3326 transponas,
1164 3260 1196 3311 ut
1210 3259 1297 3312 verba

144 3330 342 3408 γραμματικὸς
362 3332 409 3390 ἐπὶ
425 3330 569 3402 Ἀδριανοῦ
587 3337 652 3405 post
665 3337 764 3404 Λντίμ.
784 3335 957 3389 collocentur
1011 3341 1027 3389 5
1047 3331 1209 3402 έπιστητέον
1223 3339 1295 3406 vulp.

145 3413 317 3472 ἐπιστατέον
336 3421 359 3467 Α
425 3417 605 3476 Ἷπαντοίοις
623 3410 715 3483 λόγοις
733 3417 805 3485 vulp.
829 3423 963 3478 παντοῖος
982 3411 1063 3485 λόγος
1082 3422 1196 3484 Anum
1221 3419 1295 3486 quod

140 3496 335 3566 scripsiconi.
355 3495 478 3564 Τοαμίπο
498 3495 560 3549 coll.
582 3490 731 3557 Διονύσιος
744 3493 804 3563 Ἀλ,
823 3503 957 3557 παντοῖος
977 3491 1078 3563 λόγους
1096 3497 1185 3551 suasit
1204 3498 1295 3552 Beru-

140 3577 236 3646 λιανιλγ
300 3581 316 3629 9
335 3573 424 3640 λέξεις
442 3576 629 3629 παντοδαπαί
643 3577 715 3645 vulp.
736 3574 808 3641 λέξις
827 3570 996 3644 παντοδαπή
1016 3581 1039 3627 Δ
1111 3582 1141 3629 11
1163 3577 1295 3644 κρημνῶν

140 3659 218 3726 ταῖς,
238 3660 319 3708 REM
337 3661 395 3710 nu.
417 3656 491 3710 Εαιλ.
549 3661 581 3709 12
601 3656 758 3724 παροιμιῶν
778 3671 847 3709 corr.
863 3655 988 3710 schottus
1006 3656 1093 3725 praef.
1113 3656 1150 3709 ad
1168 3656 1294 3711 Paroem.

140 3739 262 3811 (Corpus
282 3738 407 3792 Paroem.
427 3738 439 3791 I
457 3756 484 3807 p.
503 3736 617 3805 XXVII)
636 3735 770 3805 ποταμῶν
788 3734 855 3789 libri
873 3736 945 3803 ναλγ.
1021 3741 1052 3788 13
1072 3736 1104 3807 τῇ
1125 3753 1179 3791 om.
1198 3741 1222 3787 Δ

214 3825 299 3880 CCIV
318 3825 393 3881 Εαιλ.
413 3844 439 3895 p.
461 3832 521 3880 228.
550 3824 742 3891 CIWelclier,
761 3825 905 3893 GnTrag.
925 3843 952 3893 p.
973 3829 1050 3879 1035.
1084 3824 1163 3879 Hune
1182 3827 1294 3894 poetam
1373 3831 1376 3837 '

141 3906 283 3976 Cynicum
305 3922 366 3959 esse
390 3923 424 3960 ex
446 3905 526 3974 Diog.
547 3905 599 3974 VI,
618 3911 652 3959 80
676 3905 812 3960 conclusit
830 3905 941 3968 Rohde,
968 3903 1038 3958 Mus.
1064 3904 1152 3958 Rhen.
1177 3905 1293 3958 XXXIV

138 4007 169 4058 p.
190 3992 244 4040 620
259 4002 326 4054 seq.,
345 3985 394 4054 qui
408 3984 542 4054 Cynicum
560 3984 651 4054 ipsum
670 4003 694 4039 a.
715 3991 767 4039 403
786 3988 884 4039 natum
903 4001 962 4038 esse
978 3983 1083 4038 docuit.
1113 3984 1210 4052 Itaque
1230 4001 1293 4053 poe—

139 4070 201 4120 tam
223 4064 363 4133 tragicum
382 4065 493 4119 finxisse
507 4065 619 4119 videtur
634 4065 787 4135 Hesychius
802 4067 847 4120 vel
862 4066 898 4131 is,
920 4082 1002 4132 quem
1017 4064 1181 4132 compilavit
1229 4070 1260 4117 15
1275 4060 1292 4132 η’

141 4142 291 4216 Οἰνόμαος
310 4148 430 4215 suspect.
448 4145 604 4200 Βανιαανιι.
625 4147 660 4200 ad
680 4144 760 4200 Ovid.
775 4144 858 4199 Trist.
877 4146 914 4211 II,
930 4150 982 4198 386
1001 4146 1085 4213 atque
1104 4143 1167 4197 aliis
1213 4142 1292 4211 γέγο-

139 4247 193 4282 νεν
213 4257 248 4265 -
268 4220 458 4293 καταλύσεως,
478 4242 530 4278 om.
547 4225 621 4279 Ειιολ.
640 4225 754 4280 seclusit
773 4224 911 4279 Westerm.
968 4231 999 4278 16
1017 4219 1150 4292 Ἀχιλλεὺς
1166 4254 1196 4260 -
1218 4219 1289 4290 Χρῦ-

140 4325 248 4368 σιιιπος
268 4304 416 4374 Sinopensi
434 4303 554 4374 Diogeni
573 4303 651 4359 dedit
668 4303 750 4374 Diog.
769 4304 821 4372 VI,
841 4311 874 4359 80
943 4310 976 4358 18
995 4302 1104 4373 Σεμέλη
1124 4300 1242 4356 accessit
1260 4318 1294 4356 ex

139 4389 246 4443 Athen.
264 4385 328 4438 XIV
347 4405 373 4455 p.
390 4391 441 4438 636

218 4465 289 4524 CCV
309 4462 470 4538 OtiMoller
488 4463 527 4518 IV
546 4482 573 4536 p.
593 4470 658 4533 391,
679 4480 761 4535 quem
782 4466 893 4518 secutus
912 4481 974 4517 sum
