2910 5056
582 315 865 391 exorationem.
1220 333 1297 388 xvu

152 503 295 566 stianum
324 500 480 584 colorem,
511 522 606 585 quem
639 499 836 584 Hesychium
870 499 1020 563 dedecere
1054 498 1202 580 opinatus
1240 503 1299 577 est,

151 609 282 673 fortiter
315 607 456 672 affirmat
487 605 648 671 Mettauer
676 607 698 670 l.
727 629 752 670 c.
805 607 850 669 At
886 606 1032 690 quamvis
1070 609 1298 689 argumentum

150 715 284 780 Maassii
304 715 367 779 vile
387 737 456 778 esse
476 718 622 799 apertum
645 714 702 796 sit,
721 714 875 797 quoniam
896 716 1026 777 auctore
1043 711 1298 777 Wilamowitnio

150 825 189 887 de
213 823 380 907 Hesychia
407 844 536 907 pagano
561 815 844 904 somniat,⁴tamen
868 843 978 884 verum
1002 842 1074 883 eum
1094 807 1214 883 vidisse
1232 819 1298 903 opi·

150 953 225 1013 nor,
249 951 445 1014 quamquam
468 930 597 994 initium
623 929 750 993 articuli
777 930 796 991 i.
813 917 951 992 everha
971 931 1047 1010 Σιβ.
1067 965 1106 973 -
1129 923 1311 1010 Zabulon.

151 1061 191 1101 ex
221 1037 384 1121 Hesychia
414 1036 543 1100 fluxisse
571 1036 737 1118 reprobari
766 1036 879 1119 nequit
903 1031 956 1119 (cf.
985 1057 1066 1119 quae
1094 1033 1160 1098 dixi
1184 1033 1298 1097 Annal.

150 1144 230 1228 phil.
257 1144 342 1209 1880
361 1166 392 1226 p.
410 1143 471 1206 107
496 1137 588 1228 not).
625 1123 799 1225 Nunquam
824 1141 909 1205 enim
933 1163 1006 1204 cum
1030 1140 1221 1205 adverbum
1242 1162 1299 1204 sua
1324 1184 1326 1188 ,

149 1250 354 1333 Hesychium
385 1248 592 1333 descripsisse
616 1252 817 1332 compertum
838 1248 1033 1330 habeamus,
1061 1247 1094 1311 in
1117 1246 1177 1311 hac
1206 1245 1300 1311 Chal·

150 1357 250 1421 dacae
269 1356 338 1421 vita
358 1355 391 1419 id
410 1355 555 1420 facturus
576 1354 701 1438 fuisset,
721 1355 747 1419 si
768 1352 909 1419 Suidana
927 1355 995 1418 vita
1014 1376 1088 1417 vere
1107 1355 1148 1418 ab
1168 1376 1205 1418 eo
1225 1377 1298 1439 pro·
1324 1392 1327 1397 -

148 1464 236 1528 fecta
263 1485 332 1527 esse
361 1463 505 1546 putanda
536 1465 594 1525 est.
644 1461 759 1546 Itaqae
789 1461 920 1526 Suidam
945 1461 1008 1527 hoc
1035 1463 1106 1526 loco
1135 1460 1301 1544 Hesychii,

150 1571 207 1654 qui
239 1570 401 1650 exstabat,
431 1570 470 1632 de
494 1567 658 1634 Chaldaea
686 1570 857 1633 articulum
888 1569 1060 1633 arctiorem
1092 1572 1299 1651 aspernatum
1338 1656 1340 1660 .

149 1676 281 1741 aliunde
296 1676 442 1740 auctiora
461 1675 702 1759 deprompsisse
722 1697 846 1758 censeo,
865 1674 897 1738 id
918 1675 1001 1758 quod
1018 1676 1210 1759 saepissime
1226 1697 1299 1739 eum

147 1783 271 1847 fecisse
296 1786 388 1847 const
410 1786 432 1846 t.

241 1890 349 1973 Atque
381 1891 523 1953 extremo
553 1890 655 1953 libelli
680 1890 785 1973 capite
809 1889 853 1974 (p.
870 1888 965 1974 113),
989 1912 1051 1973 quc
1075 1888 1237 1954 Mettauer
1261 1889 1299 1952 de

149 2001 311 2081 tempore,
340 2019 404 2080 quo
434 1996 558 2060 scholia
585 1996 755 2062 Platonica
788 1997 855 2060 sint
887 1996 1080 2080 composita,
1112 1996 1301 2080 disputavit,

148 2102 308 2186 Hesychii
333 2103 382 2166 sui
406 2087 526 2165 Milesii
549 2124 682 2186 prorsus
707 2103 827 2167 oblitus
852 2125 923 2167 esse
946 2104 1084 2186 videtur,
1107 2125 1180 2167 cum
1203 2104 1300 2186 paulo

150 2214 231 2294 post
255 2233 282 2274 a.
307 2210 371 2274 529
397 2210 453 2273 illa
477 2211 703 2296 conglutinata
726 2233 795 2274 esse
820 2210 978 2294 docuerit,
1006 2232 1201 2295 quamquam
1226 2232 1300 2294 pro-

101 2398 105 2403 *
148 2317 238 2380 fecto
277 2320 353 2399 post
385 2316 542 2400 Hesychii
575 2317 848 2402 Onomatologum
885 2317 916 2381 h.
945 2340 970 2383 e.
1004 2321 1138 2382 exeunte
1171 2317 1300 2382 saeculo

151 2427 244 2487 sexto
266 2423 316 2487 vel
336 2423 469 2487 ineunte
484 2424 622 2506 septimo
638 2447 676 2487 ea
694 2424 875 2507 composita
894 2444 964 2488 esse
983 2423 1134 2507 colligere
1153 2424 1299 2487 debebat.

242 2528 315 2593 Una
340 2535 448 2594 autem
479 2531 624 2615 quaestio
649 2534 765 2613 restat,
794 2550 890 2614 quam
919 2531 953 2594 in
983 2551 1139 2613 suspenso
1168 2530 1299 2613 reliquit

149 2636 329 2719 Mettauer,
360 2639 469 2700 utrum
507 2635 718 2700 scholiastam
748 2635 952 2699 Platonicum
980 2636 1120 2718 genuino
1148 2635 1299 2719 Hesychii

150 2743 391 2826 Onomatologo
415 2765 510 2806 usum
529 2764 599 2807 esse
619 2764 816 2826 censeamus,
840 2765 881 2806 an
900 2742 1040 2826 epitome
1060 2741 1300 2826 Onomatologi.

150 2853 260 2935 Atque
289 2872 360 2914 eum
384 2849 515 2913 Unters.
529 2871 560 2933 p.
576 2849 618 2914 89
648 2845 812 2933 epitomen
840 2850 931 2913 illum
959 2850 1168 2934 descripsisse
1197 2850 1299 2933 suspi-

151 2960 243 3022 catus
274 2955 350 3037 sim,
377 2979 473 3038 nunc,
502 2956 655 3040 quoniam
680 2957 718 3021 de
742 2960 887 3042 tempore
912 2979 975 3041 quo
1000 2956 1178 3021 scholiasta
1202 2957 1300 3040 scrip·
1385 2969 1387 2972 ⁴

150 3065 232 3128 serit
256 3063 437 3128 accuratius
458 3061 636 3146 disputavit
654 3061 826 3141 Mettauer,
846 3062 908 3126 hoc
927 3063 1032 3125 minus
1052 3061 1159 3125 valere
1179 3062 1300 3144 malim,

151 3171 206 3235 sed
246 3172 352 3254 ipsum
385 3168 659 3254 Onomatologum
698 3170 738 3233 ab
776 3191 813 3233 eo
853 3169 1048 3251 descriptum
1083 3190 1152 3234 esse
1184 3169 1300 3233 iudico,
1418 3211 1422 3217 -

153 3276 244 3352 Quod
278 3276 306 3340 si
339 3280 425 3340 recte
459 3276 572 3359 statui,
606 3276 703 3341 etiam
732 3298 782 3360 ea,
815 3298 896 3361 quae
924 3275 959 3339 in
987 3275 1118 3340 scholiis
1147 3276 1300 3359 leguntur

152 3383 316 3464 uberiora,
344 3365 568 3446 desiderantur
591 3383 625 3446 in
648 3382 778 3466 lexicis,
806 3404 844 3446 ex
867 3381 1024 3467 ampliore
1051 3381 1144 3447 fonte.
1169 3383 1300 3447 fluxisse

153 3489 312 3572 suspicari
335 3489 430 3552 nobis
454 3488 541 3552 licet.

240 3612 424 3696 Exscripsit
442 3612 599 3696 Hesychii
624 3614 786 3698 epitomen
809 3614 861 3677 vel
885 3614 993 3698 potius
1018 3614 1301 3700 Onomatologum,
1324 3615 1384 3693 §2

154 3723 190 3782 ut
210 3719 346 3801 videtur,
370 3720 469 3784 etiam
489 3720 606 3784 schol.
626 3721 780 3785 Anthol.
795 3720 872 3785 Pal.
893 3722 926 3785 in
949 3721 1053 3786 Palat.
1073 3720 1128 3785 Gr.
1144 3722 1185 3785 23
1210 3723 1300 3785 cuius

153 3827 255 3890 vitam
273 3820 430 3907 Ἀγαθίας
445 3826 687 3911 descripsimus,
701 3826 830 3911 Jacobs,
847 3827 946 3892 Anth.
952 3826 1000 3892 VI
1009 3850 1038 3912 p.
1049 3827 1093 3891 LI
1107 3832 1140 3891 et·
1152 3827 1301 3911 Dindort,

154 3932 265 3997 histor.
290 3933 365 3999 min.
384 3932 418 3996 ΙΙ
440 3956 470 4016 p.
489 3931 566 4020 XIX
591 3937 623 3996 et
646 3933 791 4018 equidem
817 3934 851 3997 in
872 3937 1034 4019 apparatu
1058 3921 1177 4002 critica
1216 3933 1300 4000 Ono-

153 4039 355 4122 matologum
380 4039 465 4123 dicu,
490 4040 644 4123 quoniam
668 4041 792 4105 addidit
815 4037 1043 4125 ἐπιγράμματα
1066 4038 1150 4126 πρὸς
1172 4039 1301 4107 Θεόδω-

154 4169 215 4226 ρον
248 4148 482 4230 Λεκουρίωνα,
516 4168 597 4230 quae
630 4147 730 4212 verba
763 4149 883 4212 absunt
910 4172 929 4212 a
961 4147 1059 4213 suida
1086 4148 1299 4232 Eudociaque.

154 4249 267 4337 Neque
298 4251 384 4317 enim
408 4252 524 4318 Suidae
557 4254 683 4319 lexicon
715 4255 755 4318 ab
784 4255 841 4320 illo
866 4258 1075 4341 compilatum
1099 4278 1181 4339 esse,
1210 4256 1301 4320 cuius

155 4357 220 4422 fere
249 4359 394 4444 aequalis
418 4361 530 4444 fuerit,
558 4382 669 4446 neque·
683 4363 884 4445 prooemium
909 4363 1087 4448 Agathiae,
1110 4366 1197 4426 recte
1220 4363 1302 4428 vidit.

155 4464 288 4549 Finder,
315 4466 400 4531 Krit.
423 4467 553 4532 Unters.
578 4491 634 4532 zur
657 4468 757 4533 Anth.
785 4492 815 4552 p.
846 4470 909 4534 152
933 4491 999 4553 seq.
1031 4459 1163 4554 (zurich
1193 4469 1302 4556 1876).

208 4580 359 4632 Haeremus,
374 4581 408 4623 ed.
422 4582 502 4623 Flaeh.
1071 4574 1089 4627 l)
