2910 5056
586 294 873 351 PROLDGOMENA.
1242 295 1304 350 LIII

155 458 320 542 Magnetis
341 459 440 544 libro,
460 481 654 544 quamquam
670 458 750 522 satis
766 458 964 524 confidenter
978 458 1016 522 de
1035 458 1096 524 hae
1115 461 1304 544 quaestione

155 565 335 649 disputavit
355 565 459 650 Daub,
473 563 563 630 Stud.
573 589 604 651 p.
617 565 688 630 145.
712 565 792 629 Rem
811 565 976 650 perspexit
990 564 1091 648 Diels,
1106 565 1190 631 Mus.
1201 566 1304 632 Ithen.

152 671 262 736 XXXI
282 696 313 756 p.
331 673 374 738 30
391 677 473 757 not',
492 673 547 757 qui
564 671 745 757 collDiog.
765 672 825 756 IX,
840 674 881 737 41
904 668 1063 759 (Αημόκ.)
1086 694 1124 736 ex
1145 675 1304 758 temporis
1333 669 1340 679 ’

152 779 279 844 ratione
307 802 373 844 non
399 780 506 864 ipsum
529 778 730 844 Demetrium
755 778 897 864 Diogeni
920 779 1052 843 Laertio
1076 779 1303 864 Hesychioque

153 886 239 951 vitas
271 885 517 952 administrasse
540 887 635 968 vidit,
665 886 720 950 sed
745 887 992 971 epitomatorem
1015 887 1228 969 posteriorem
1251 887 1303 950 vel
1366 873 1370 880 ¹

153 996 320 1058 auctorem
343 994 498 1078 aliquem,
522 995 577 1078 qui
600 993 802 1058 Demetrium
828 992 1099 1078 compilaveratl)
1146 993 1237 1070 Quod
1266 1015 1303 1058 eo

151 1099 307 1165 libentius
336 1099 460 1165 Dielsio
489 1094 692 1184 crediderim,
720 1123 791 1164 cum
822 1121 922 1164 unum
946 1097 1064 1163 Suidae
1093 1099 1213 1182 locum,
1240 1123 1303 1186 quo

153 1205 354 1271 Demetrium
384 1206 570 1292 Magnetem
604 1205 641 1270 ἐν
674 1207 734 1270 τοῦ
768 1203 842 1290 περὶ
876 1201 1068 1290 ὁμωνύμων
1094 1207 1241 1290 ποιητῶν
1268 1231 1303 1272 τε

151 1311 208 1377 καὶ
240 1312 462 1399 συγγραφέων
496 1312 550 1399 (cf.
583 1311 677 1398 Diog.
701 1311 745 1396 V,
775 1309 810 1398 3)
844 1311 969 1377 laudari
1003 1311 1081 1376 olim
1112 1314 1239 1398 putavi,
1275 1336 1303 1380 v,

149 1415 282 1502 Ἰσαῖος,
301 1441 386 1485 nunc
405 1422 524 1505 potius,
544 1420 692 1504 quamvis
716 1419 906 1484 adversante
921 1417 1060 1502 Daubi0,
1080 1417 1169 1484 Stud.
1183 1441 1214 1502 p.
1231 1421 1304 1504 147,

152 1526 193 1591 ad
221 1525 527 1619 Harpocrationem,
557 1527 660 1611 ipsius
689 1509 805 1591 Suidae
833 1526 972 1608 fontem,
1005 1549 1103 1611 quam
1132 1528 1172 1592 ad
1199 1527 1303 1610 Hesy·
1421 1532 1423 1534 ’

153 1634 265 1699 chium
291 1635 409 1699 referre
434 1634 586 1719 malim.²)
608 1633 799 1726 ¹Utcunque
824 1638 933 1699 autem
957 1656 1008 1698 res
1032 1656 1065 1698 se
1089 1632 1202 1717 habet,
1224 1656 1303 1698 num

154 1741 241 1815 Isaei
269 1741 336 1806 vita
361 1740 504 1807 Suidana
533 1743 574 1806 ab
598 1740 764 1825 Hesychio
791 1741 938 1826 profecta
966 1741 1023 1823 sit,
1055 1743 1140 1805 certe
1168 1740 1302 1805 dubium

150 1851 211 1912 est.
262 1848 376 1932 ltaque
408 1848 446 1912 de
476 1847 714 1932 Argesiphonte
751 1845 816 1932 (vel
853 1868 890 1912 eo
923 1848 1031 1931 potius
1067 1847 1121 1931 qui
1153 1847 1215 1911 hoc
1245 1869 1302 1911 no·

150 1955 239 2019 mine
259 1954 377 2020 vitioso
400 1953 516 2039 utitur)
540 1955 658 2018 rectius
678 1955 821 2039 cogitare
840 1975 970 2018 neeesse
990 1957 1053 2037 est,
1077 1975 1170 2037 quem
1189 1954 1302 2018 multis

149 2061 247 2124 annis
271 2064 348 2145 post
369 2062 585 2145 Demetrium,
613 2060 753 2126 fortasse
776 2059 943 2125 Hadriano
967 2060 1160 2143 imperante,
1183 2061 1301 2125 vixisse

151 2189 304 2233 commas.

241 2292 290 2356 De
314 2293 539 2379 Damascio,
563 2293 665 2358 altero
680 2291 949 2377 philosophorum
967 2291 1067 2376 fonte,
1086 2292 1152 2356 dixi
1172 2290 1301 2356 Unters.

148 2423 182 2484 p.
198 2400 241 2464 60
265 2400 336 2464 coll.
360 2423 390 2466 v.
413 2397 545 2482 Γέσιος,
570 2396 792 2486 Δομνῖνοςθ),
822 2399 956 2483 Δῶρος,
982 2393 1186 2482 Ἐπίκτητος,
1216 2394 1301 2463 Εὐο-

149 2502 279 2590 staats,
301 2500 483 2592 Ἰοίδωρος,
504 2507 660 2592 Σεβῆρος
679 2507 719 2571 al.
758 2504 858 2570 Cuius
878 2506 916 2570 de
940 2505 1057 2570 Isidori
1080 2507 1150 2569 vita
1173 2505 1302 2589 librum,

148 2635 224 2679 cum
248 2613 347 2678 etiam
372 2613 488 2679 Suidas
513 2617 661 2703 accurate
685 2613 825 2696 noverit,
856 2613 984 2698 saepius
1014 2635 1099 2694 eum,
1128 2616 1301 2697 postquam

148 2721 319 2784 enarravit
334 2721 435 2786 vitem
450 2720 705 2805 Hesychianam,
725 2720 863 2803 amplius
873 2719 1072 2803 compilasse
1088 2741 1185 2803 supra
1199 2719 1301 2783 docui.

242 2845 374 2910 Praeter
403 2844 583 2931 Diogenem
611 2844 812 2928 (fontemque
836 2843 1007 2929 Diogenis)
1037 2848 1070 2908 et
1093 2843 1300 2909 Damascium

147 2973 383 3036 nonnunquam
407 2952 506 3016 etiam
531 2950 741 3036 Porphyrii
770 2947 961 3033 φιλόσοφον
990 2947 1173 3036 azoaram)
1198 2950 1300 3035 Hesy-

149 3058 245 3123 chius
278 3058 427 3142 adscivit,
465 3080 560 3142 quem
597 3079 698 3142 usque
732 3058 772 3121 ad
805 3057 952 3122 Platonis
986 3061 1128 3122 aetatem
1160 3058 1300 3142 philoso-

149 3163 235 3249 phos
260 3168 418 3239 tractasse
442 3165 541 3231 tradit
563 3164 688 3248 Eunap.
713 3163 778 3229 Vit.
801 3161 898 3248 Soph.
917 3164 934 3228 I
952 3186 982 3248 p.
998 3165 1018 3228 3
1037 3164 1155 3250 Boiss,
1183 3165 1300 3250 quibus

150 3271 254 3335 etiam
275 3268 423 3335 Platonis
448 3270 624 3354 discipulos
650 3274 682 3334 et
705 3290 906 3335 successores
928 3292 1000 3335 eum
1024 3271 1185 3336 addidisse
1209 3292 1248 3335 ex
1271 3294 1300 3336 v.

225 3535 252 3603 1)
275 3534 316 3589 Cf.
336 3534 422 3588 etiam
440 3533 546 3600 Maass,
565 3532 658 3603 Biogr.
673 3551 700 3602 p.
721 3539 754 3588 36
774 3535 803 3587 et
821 3551 846 3587 v.
862 3532 1064 3603 Wilamowitz,
1088 3535 1221 3604 Antigon.
1246 3553 1300 3590 von

149 3614 218 3669 Kar.
239 3633 265 3683 p.
287 3621 338 3669 104
357 3616 414 3668 not.
435 3621 459 3681 3,
478 3632 505 3683 p.
522 3619 573 3667 241
594 3616 623 3668 et
640 3632 667 3682 p.
682 3619 733 3666 329
749 3628 804 3681 seq.

222 3708 250 3771 2)
273 3702 365 3768 Adde,
390 3703 465 3772 quod
479 3702 652 3758 Demetrium
671 3702 808 3764 Phalerea
825 3702 873 3757 hic
892 3701 1020 3771 intellegi
1043 3701 1156 3772 putavit
1175 3702 1299 3758 Wester-

149 3801 250 3852 mann,
272 3799 323 3838 nec
347 3783 438 3837 minus
460 3783 553 3853 Biogr.
576 3801 601 3853 p.
619 3788 684 3848 285,
704 3787 751 3849 45,
775 3781 849 3849 quod
873 3782 919 3836 vel
943 3781 1035 3851 Biogr.
1054 3800 1082 3851 p.
1101 3789 1168 3850 266,
1189 3790 1222 3838 34
1240 3787 1299 3839 not.

150 3863 310 3920 confirmari
333 3863 490 3919 videbatur.
526 3863 619 3932 Atque
633 3863 847 3918 Westermanno
866 3859 1033 3929 adstipulari
1055 3861 1168 3917 videtur
1187 3863 1299 3918 anticus

149 3946 179 4000 in
199 3943 271 3998 Phil.
291 3944 357 3997 Ana.
380 3943 431 3997 VII
449 3961 476 4012 p.
498 3949 556 3998 124.
589 3941 718 3996 Ceterum
742 3940 861 3995 eundem
880 3941 1032 4011 intellegas
1051 3941 1081 3995 in
1100 3941 1214 4011 Dionys.
1234 3945 1298 4000 Hal.

149 4025 213 4080 vita
231 4023 304 4078 Isaei
322 4041 348 4092 p.
369 4028 435 4091 260,
455 4029 470 4075 3
490 4021 577 4077 West.
597 4017 635 4083 ὡς
654 4015 681 4074 δ’
703 4019 793 4090 ἕτεροι
812 4018 953 4091 γράφουσι
971 4019 1137 4084 Χαλκιδεύς.

224 4113 252 4181 3)
274 4110 316 4164 De
335 4109 401 4166 vitis
418 4110 495 4165 Gesii
514 4113 542 4165 et
560 4109 692 4165 Domnini
711 4110 745 4168 ef.
766 4128 837 4180 quae
855 4111 885 4169 in
903 4109 993 4164 altero
1012 4109 1233 4181 Prolegomenon
1253 4129 1299 4166 ca-

148 4194 211 4263 pite
230 4192 265 4246 de
284 4189 427 4245 Eudooiae
447 4190 571 4254 Violario
593 4191 659 4246 dixi.

224 4283 252 4350 4)
275 4278 317 4334 De
339 4278 424 4333 titulo
448 4276 603 4348 φιλόσοφος
626 4277 733 4349 ἱστορία
757 4282 823 4349 (non
846 4280 911 4348 περὶ
929 4277 1087 4349 φιλοσόφου
1107 4275 1239 4348 ἱστορίας)
1263 4280 1298 4333 cf.

148 4361 243 4429 Diels,
261 4360 382 4429 Doxogr.
402 4378 428 4428 p.
444 4365 504 4414 258.
543 4359 623 4419 Certe
648 4377 703 4414 non
726 4361 836 4414 diversa
857 4363 901 4414 est
925 4360 961 4414 ab
984 4360 1108 4415 eiusdem
1126 4357 1198 4414 libro
1218 4355 1299 4427 φιλό-

150 4459 241 4511 σοφος
259 4442 440 4511 χρονολογίοι,
459 4458 545 4510 quam
563 4440 662 4495 laudat
679 4440 785 4496 Malala
803 4458 831 4510 p.
845 4446 888 4508 to,
906 4446 945 4493 10.
