2910 5056
182 307 227 372 40
643 306 857 363 HESYCHIUS.

184 508 244 568 σας
270 487 352 556 κατά
381 485 439 567 τὰς
464 485 610 573 Ἀθήνας
637 492 828 576 Καλλινίκςο
859 489 904 578 τῷ
934 484 1099 575 διασήμω,
1133 483 1243 566 δεξιὸς
1270 483 1333 572 τὴν

184 596 302 683 φύσιν,
325 596 380 662 καὶ
402 592 485 680 ὅλην
509 594 647 680 μελέτην
666 589 967 681 ἀπομνημονεύσας
986 593 1023 659 έν
1042 595 1144 682 <μιᾷ>
1162 588 1335 680 άκροάσει.

183 711 317 791 τελευτᾷ
342 701 379 770 dd
402 702 477 780 νέος
501 701 585 771 έτοῦν
608 699 668 785 κη’.
715 704 837 787 ἔγραψε
866 699 904 767 δὲ
931 697 1047 778 λαλιὰς
1073 697 1147 785 ἤτοι
1171 699 1335 779 διαλέξεις

183 810 238 876 καὶ
257 809 402 896 μελέτας,
426 797 474 875 οῦν
494 808 585 874 ἐστιν
605 803 622 874 ὁ
641 805 759 885 άπολις
777 803 898 874 ἑαυτὸν
913 805 1151 892 ἀποκηρύττων
1170 802 1254 891 μετὰ
1272 802 1336 891 τὴν

157 920 250 984 5τῶν
283 920 405 1001 Θηβῶν
438 913 670 1000 κατασκαφην,
702 911 950 1000 προπεμπτικὸν
984 911 1067 999 πρὸς
1098 912 1178 992 τοὺς
1211 899 1352 980 ἑαυτοῦ

184 1024 337 1110 ἑταίρους
360 1025 543 1111 Δμδοῦχον
565 1021 620 1088 καὶ
641 1019 901 1106 Ἀσκληπιάδην,
924 1019 1183 1107 πανηγυρικούς.

274 1130 400 1198 CLXII.
437 1132 590 1214 Γέσιος,
610 1129 882 1215 ἰατροσοφιστής,
906 1135 1070 1216 Πετραῖος
1087 1125 1124 1195 τὸ
1143 1127 1259 1214 γένος,
1282 1128 1336 1196 ἐπὶ

185 1237 351 1324 Ζήνωνος.
387 1235 542 1305 καθελὼν
563 1236 601 1303 δὲ
620 1233 761 1322 Δόμνον
779 1235 840 1302 τὸν
865 1235 985 1303 ἑαυτοῦ
1009 1233 1230 1318 διδάσκαλον,
1251 1232 1338 1303 'Iov-

185 1347 283 1410 δαῖον
317 1340 398 1410 ὅντα
429 1343 484 1409 καὶ
516 1341 597 1420 τοὺς
628 1342 779 1428 ἑταίρους
811 1345 858 1421 εἰς
890 1339 1009 1408 ἑαυτὸν
1044 1339 1339 1428 μεταστησάμενος

146 1447 303 1534 10ὀλίγου
332 1448 471 1534 πάντας,
502 1450 652 1535 πανταχῇ
683 1449 875 1537 έγνωρίζετο
907 1448 962 1515 καὶ
993 1450 1076 1536 μέγα
1107 1448 1204 1528 κλέος
1236 1447 1338 1536 εἶχεν.

185 1547 282 1633 οὗτος
304 1552 508 1641 κατώρθωσε
531 1554 650 1639 τέχνην
674 1545 798 1637 ἰατρῶν
821 1551 902 1619 καθ’
929 1551 1048 1620 ἑαυτὸν
1071 1552 1217 1623 πάντων.

273 1661 416 1729 CLXIII.
452 1660 652 1747 Γεωργιος
671 1658 828 1738 διάκονος
844 1664 903 1746 τῆς
921 1659 1066 1746 μεγάλης
1085 1661 1259 1748 ἐκκλησίας
1280 1665 1339 1732 καί

184 1767 410 1856 χαρτοφάλαξ,
434 1765 471 1835 τὸ
496 1770 632 1854 ἐπίκλην
656 1769 810 1852 Πισίδης,
853 1766 1035 1854 ἕξαήμερον
1058 1765 1104 1835 δι’
1131 1768 1266 1855 ἰάμβων
1293 1766 1342 1851 εἰς

186 1881 246 1960 έπη
269 1881 448 1964 τρισχίλια,
477 1878 523 1953 εἰς
541 1871 739 1960 Ἡράκλειον
767 1871 827 1939 τδν
854 1875 991 1957 βασιλέα
1014 1875 1070 1940 καί
1097 1878 1145 1954 εἰς
1165 1874 1231 1944 τὸν
1252 1877 1341 1946 κατά

146 1991 171 2032 1⁵
185 1985 329 2071 Περσῶν
348 1981 510 2067 πόλεμον,
534 1985 581 2046 ἔτι
600 2004 634 2045 τε
650 1977 821 2064 Ἀβαρικά,
840 1978 895 2044 καὶ
913 1979 1148 2067 καταλογάδην
1167 1982 1341 2072 έγκοέμιον

185 2093 232 2167 εἰς
253 2087 314 2156 τὸν
337 2087 489 2175 μάρτυρα
510 2083 739 2152 Ἀναστάσιον.
1261 2162 1263 2166 Ι

274 2194 415 2260 CLXIV.
453 2197 623 2279 Γοργίας
646 2195 881 2276 Χαρμαντίδου
909 2199 1092 2273 Λεοντῖνος
1120 2195 1248 2283 ῥητωρ,
1276 2225 1342 2284 μα-

184 2297 292 2386 θητὴς
314 2301 586 2386 Ἐμπεδοκλέους,
614 2296 815 2376 διδάσκαλος
840 2298 965 2367 Πάλον
990 2297 1254 2390 Ἀκραγαντίνου
1281 2307 1343 2374 καί

256 2527 272 2574 2
296 2521 345 2576 καλ
368 2517 434 2591 ὅλην
454 2553 488 2562 -
506 2516 642 2588 οἰκροάσει
666 2537 720 2574 om.
740 2520 815 2575 Eae.
871 2523 921 2597 μιᾷ
946 2541 979 2578 ex
997 2524 1253 2594 Pseudo-Hesych.
1273 2528 1343 2583 add.

186 2602 341 2671 Μιαιείαε,
360 2619 414 2658 ree.
434 2603 496 2657 edd.
551 2601 703 2672 3τελευτᾷ
723 2617 775 2655 om.
796 2599 828 2656 δὲ
848 2602 924 2659 Eud.
961 2604 986 2673 η’
1007 2607 1056 2661 καλ
1075 2605 1100 2661 κ’
1119 2614 1142 2661 A
1170 2603 1247 2663 ὀκτώ
1267 2608 1344 2676 πρὸς

185 2689 244 2743 τοῖς
262 2685 368 2737 εἴκοσιν
387 2683 462 2737 Eud.
548 2676 685 2736 4άιιολιν
704 2684 727 2731 A
813 2683 904 2736 ὁτῶν
924 2700 977 2737 em.
997 2690 1020 2737 A
1107 2685 1228 2742 σπέντε
1250 2707 1272 2744 s.
1292 2690 1342 2747 fin.

185 2762 249 2816 add.
268 2762 358 2829 Εκιλ,
382 2780 466 2831 quem
489 2779 634 2816 numerum
652 2761 755 2814 nostris
774 2759 804 2814 ia
823 2759 902 2815 libris
921 2762 1050 2819 Suidanis
1074 2782 1141 2821 casu
1159 2765 1343 2822 intercidisse

186 2843 342 2912 suspIcatus
360 2845 405 2896 est
422 2842 521 2910 Dect,
540 2841 730 2895 inventionem
748 2839 888 2895 Eudociae
908 2858 968 2896 esse
988 2844 1075 2900 Ραίοίι
1093 2865 1120 2916 p.
1140 2852 1174 2901 82

256 2922 353 2976 CLXII
372 2923 439 2977 Vita
459 2922 536 2977 Gesii
553 2921 671 2976 accessit
694 2938 726 2975 ex
745 2921 821 2974 Εαιλ
841 2940 867 2991 p.
889 2928 939 2974 170
954 2939 1011 2992 seq.
1051 2925 1091 2982 Of.
1112 2927 1173 2981 vita
1191 2925 1342 2982 Domnini.

185 3003 218 3057 V.
237 3004 346 3058 Unters.
365 3021 392 3072 p.
414 3009 446 3056 69
462 3021 517 3071 seq.
552 3002 651 3056 Suidas
674 3003 805 3069 excerpta
828 2999 968 3056 Damascii
992 3020 1026 3056 ex
1044 3005 1125 3060 Phot.
1145 3006 1214 3061 bibl.
1236 3025 1265 3076 p.
1286 3014 1341 3063 352

185 3083 305 3152 praebet
1196 3137 1199 3145 .

258 3161 366 3217 CLXIII
386 3179 439 3216 om.
456 3162 591 3217 Westerm.
620 3161 661 3215 De
674 3161 728 3215 hac
748 3160 806 3214 vita
819 3160 952 3230 Hesychii
967 3163 1026 3218 dixi
1039 3165 1109 3219 Mus.
1124 3165 1214 3221 Rhen.
1231 3167 1342 3224 XXXV

185 3261 211 3312 p.
231 3249 282 3297 229
298 3260 354 3311 seq.
391 3242 487 3309 Nunc,
511 3241 586 3311 quod
608 3240 649 3295 ibi
671 3240 753 3294 nimis
773 3241 943 3295 confidenter
963 3243 1105 3311 professus
1125 3264 1200 3315 sum,
1224 3249 1342 3305 cautius

186 3323 341 3391 obtineam,
362 3323 475 3392 Georgii
494 3322 604 3376 Pisidae
623 3320 711 3375 vitam
729 3337 785 3374 non
804 3337 837 3374 ex
860 3321 993 3390 Hesychii
1010 3323 1149 3382 thesauris
1167 3330 1340 3398 manavisse¹

186 3404 235 3457 sed
253 3402 289 3456 ab
309 3402 493 3471 epitomatore
512 3399 645 3454 additam.
665 3395 723 3453 Ὀἱ
743 3417 768 3453 v.
790 3401 904 3463 Παῦλος
922 3399 1072 3473 Αἰγινήτης
1145 3412 1179 3460 14
1197 3411 1341 3479 τρισχίλια

185 3482 318 3536 vitiosum
344 3499 404 3537 esse
425 3481 537 3552 putavit
558 3481 707 3549 Καείιικο,
733 3480 865 3548 quoniam
890 3481 961 3536 illud
987 3500 1111 3553 carmen,
1140 3486 1217 3555 quod
1245 3489 1340 3544 adhue

186 3562 268 3618 hodie
288 3566 378 3632 extat,
403 3568 472 3618 1880
492 3579 586 3618 κειται
605 3562 759 3629 contineat,
783 3563 904 3631 δισχίλια
927 3563 997 3618 coni.
1018 3564 1176 3634 Γομρίκίιιι
1198 3568 1229 3621 iu
1249 3570 1338 3639 praef.

186 3643 222 3695 ad
240 3642 352 3697 Pisidae
371 3659 469 3713 opera,
488 3643 537 3698 sed
554 3658 700 3696 numerum
718 3642 794 3695 reete
811 3659 840 3696 se
855 3643 970 3711 habere,
990 3660 1051 3697 curn
1071 3644 1163 3700 additi
1181 3646 1242 3701 sint
1255 3665 1338 3719 prae-

185 3725 230 3777 ter
247 3722 450 3777 Hexaemernm
469 3728 549 3791 (1880
568 3723 698 3778 ve11860
716 3720 762 3776 vel
784 3727 850 3775 1910
870 3723 996 3776 versibus
1011 3727 1152 3791 constans)
1172 3727 1262 3780 etiam
1277 3745 1337 3782 ver·

186 3819 231 3856 sns
251 3807 302 3855 262
328 3802 458 3858 carminis
482 3802 522 3865 εἰς
540 3798 590 3857 τὸν
609 3799 730 3873 μάταιον
751 3802 827 3873 βίον,
852 3807 901 3855 731
927 3798 999 3855 κατά
1024 3805 1179 3877 δυσσεβοῦς
1202 3803 1335 3876 Σευήρον

182 3878 360 3950 Ἀντιοχείας,
381 3889 431 3936 129
451 3881 491 3946 εἰς
509 3879 562 3952 τὴν
581 3877 667 3950 ἁγίαν
690 3880 740 3933 τοῦ
758 3882 880 3948 Χριστοῦ
908 3882 959 3935 τοῦ
981 3883 1056 3936 θεοῦ
1075 3878 1157 3953 ἡμῶν
1175 3879 1334 3941 ἀνάστασιν

186 3964 268 4031 (qnae
287 3962 411 4017 carmina
430 3962 541 4016 silentio
559 3958 750 4031 praetermisit
768 3959 879 4030 Suidas)
896 3961 938 4015 ita
960 3963 993 4015 ut
1011 3962 1169 4018 efficiantur
1188 3971 1260 4021 3002
1279 3966 1333 4034 (vel

185 4048 255 4097 2982
279 4042 323 4097 vel
346 4046 427 4110 3032)
449 4059 558 4110 versus,
584 4041 654 4095 mihi
676 4040 814 4108 persuasIt
837 4041 1010 4113 (Interamici,
1036 4043 1085 4112 qui
1110 4046 1140 4099 et
1162 4063 1278 4102 carmen
1304 4047 1331 4101 in

184 4123 346 4178 Heraclium
366 4141 383 4178 a
401 4123 523 4178 carmine
542 4122 572 4176 in
589 4122 694 4176 bellum
712 4120 853 4176 Persicum
872 4123 1012 4178 diversum
1032 4141 1091 4179 esse
1110 4127 1188 4182 recte
1208 4128 1316 4184 monuit

187 4210 218 4258 15
234 4202 431 4275 καταλογάδην
445 4206 517 4273 culp.
535 4202 583 4256 καὶ
597 4205 693 4256 καταλ.
708 4205 785 4255 AVE
804 4203 947 4259 revocavit
960 4205 1098 4260 Κκοίινκε
1172 4211 1206 4262 16
1226 4206 1268 4271 εἰς
1284 4203 1329 4262 τὸν

185 4282 275 4354 μέγαν
291 4278 461 4338 Ἀθανάοιον
479 4287 529 4334 AV

257 4363 366 4418 CLXIV
394 4364 471 4419 Εαιί.
496 4380 536 4432 p.-
549 4367 613 4429 112,
640 4378 711 4431 quae
735 4364 841 4431 partim
868 4381 902 4419 ex
924 4364 1065 4434 Hesychia
1094 4382 1146 4419 sua
1173 4365 1326 4436 descripsit,

185 4443 290 4516 partim
309 4461 343 4499 ex
361 4443 523 4500 Philostrat.
543 4443 600 4499 Vit.
619 4444 640 4512 l,
659 4450 675 4498 9
