2910 5056
572 311 766 368 APPENDIX.
1176 311 1241 378 249

98 472 240 561 θρῶπου
267 472 414 559 φύσεως,
447 474 522 561 περὶ
549 473 678 560 κόσμου
705 475 879 560 γενέσεως,
909 500 1035 561 νομιμα
1058 471 1241 560 Ῥωμαίων,

98 586 251 667 νομίμων
274 583 488 665 βαρβαρικῶν
513 579 705 668 συναγωγή·
734 586 994 668 ψευθεπίγραφα
1018 579 1068 647 δέ·
1091 576 1240 666 άνατομη

97 685 298 775 άνθρῶπου,
336 684 500 774 ἀπολογία
533 685 701 773 εὐσεβείας
732 685 815 775 πρὸς
848 686 1103 775 Εὐρυμέδοντα,
1139 712 1241 774 γεωρ-

98 794 189 882 γικά,
217 792 381 881 έγκῶμιον
404 793 524 881 λόγου,
547 795 705 882 μαγικόν,
733 795 809 882 περὶ
837 794 1073 882 σωφροσύνης,
1093 791 1242 874 Ἀλεξάν-

99 906 184 989 δρου
212 903 384 989 ε’γκλησία,
417 900 582 989 ε’γκῶμιον
609 901 771 989 πλούτου,
799 899 882 989 πρὸς
906 899 1140 988 Ἀλέξανδρον,
1167 900 1269 987 περλι

98 1008 260 1096 μεθόδου.

644 1191 692 1256 V.

417 1329 630 1398 Aristotelis
652 1331 728 1398 vita
751 1332 927 1398 Marciana

184 1468 410 1559 Ἀριστοτέλης
434 1471 452 1542 ό
476 1471 663 1559 φιλόσοφος
685 1475 744 1560 τῆς
765 1472 827 1560 μέν
852 1471 1020 1559 <πόλεως>
1043 1463 1086 1559 ἦν
1106 1477 1276 1558 Σταγεί-1

99 1583 169 1665 ρῶν
203 1577 255 1666 (τά
286 1580 322 1648 δὲ
350 1579 518 1666 Στάγειρα
545 1578 641 1658 πόλις
669 1579 800 1670 Θρᾴκης
828 1585 968 1666 πλησίον
993 1577 1161 1647 Ὀλύνθου
1189 1580 1244 1646 καὶ

100 1684 301 1775 Μεθώνης),
324 1685 398 1766 υίός
426 1686 463 1754 δέ
490 1684 688 1773 Νικομάχου
715 1687 770 1754 καὶ
800 1690 994 1772 Φαιστίδος,
1023 1683 1151 1773 άμφοῑν
1177 1684 1243 1753 άπδ

101 1791 285 1879 Μαχάονος
303 1798 364 1862 τοῦ
376 1790 574 1880 Ἀσκληπιοῦ
590 1794 838 1881 καταγομένων,
858 1791 903 1873 ῶς
917 1797 1017 1880 δηλοί
1028 1791 1065 1861 τὸ
1082 1797 1128 1873 είς
1140 1790 1244 1861 αὐτὸν
1260 1817 1285 1856 ιο

100 1900 302 1987 ἐπίγραμμα·
1205 1885 1212 1900 ἱ

223 2046 403 2122 Φαιστίδος
425 2034 468 2127 ἦν
492 2038 616 2128 μητρὸς
638 2040 694 2107 καὶ
717 2040 916 2127 Νικομάχου
939 2046 1131 2130 γενετῆρος,

314 2153 381 2217 τῶν
401 2145 666 2237 Ἀσκληπιαδῶν,
690 2150 762 2227 δῖος
781 2144 1014 2235 Ἀριστοτέλης.

102 2293 217 2377 γέγονε
242 2289 279 2359 δὲ
304 2288 417 2371 αὐτοῖς
445 2287 485 2359 οό
509 2282 618 2377 μόνον
638 2287 878 2378 Ἀριστοτέλης,
906 2288 990 2358 ἀλλὰ
1017 2293 1073 2359 καὶ
1093 2291 1244 2383 Ἀρίμνη-

99 2417 176 2478 στος
204 2398 261 2464 καὶ
281 2394 490 2485 Ἀριμνήστη.
538 2394 555 2464 ὁ
587 2399 627 2465 δέ
653 2397 907 2485 γεΝικόμαχος
930 2397 1042 2485 ἰατρὸς
1065 2393 1108 2487 ἦν
1128 2398 1244 2489 Ἀμύν·
1260 2427 1285 2467 15

93 2531 173 2592 του,
202 2509 263 2572 τοῦ
287 2504 500 2572 Μακεδόνων
528 2504 704 2590 βασιλέως,
732 2508 793 2572 τοῦ
824 2510 991 2572 Φιλίππου
1020 2506 1161 2594 πατρός,
1189 2509 1245 2576 καὶ

91 2610 180 2680 κατὰ
212 2611 347 2700 μνήμην
380 2615 440 2680 τοῦ
473 2615 599 2679 οίκείου
631 2609 755 2694 πατρὸς
779 2609 1005 2698 Ἀριστοτέλης
1035 2611 1095 2681 τὸν
1124 2616 1245 2684 ἑαυτοῦ

87 2723 201 2786 παῖδα
214 2717 420 2806 ,Νικόμαχον
437 2717 719 2805 προσηγόρευσεν,
739 2709 765 2809 ᾦ
784 2719 838 2786 καὶ
857 2716 897 2785 τά
912 2720 1120 2808 Νικομάχεια
1139 2717 1244 2806 ἠθικὰ

98 2831 234 2913 ἔγραψε.
275 2825 446 2913 πατρόθεν
470 2822 535 2909 άρα
558 2828 602 2914 τῷ
623 2821 839 2912 Ἀριστοτέλει
861 2826 916 2894 καὶ
931 2826 976 2893 ’ἐκ
998 2830 1056 2913 τῆς
1079 2824 1245 2896 ἀνέκαθεν

82 2936 214 3015 γενεάς
241 2930 279 3019 ἡ*
291 2934 365 3020 περὶ
394 2936 617 3020 φυσιολογίαν
644 2933 698 3000 καὶ
727 2930 879 3020 ἰατρικὴν
908 2935 981 3014 ἕξις.
1029 2931 1179 3021 ὀρφανὸς
1207 2935 1284 3003 δέει

79 3040 278 3127 γενόμενος
301 3037 459 3127 ἀνάγεται
482 3040 570 3128 παρὰ
595 3025 754 3132 Προξένῳ
778 3045 822 3133 τῶ
844 3039 1008 3129 Ἀταρνεῖ,
1035 3032 1076 3110 οὗ
1099 3046 1157 3129 τῆς
1179 3041 1241 3129 φή-
1261 3064 1278 3122 2

81 3174 163 3235 μης
186 3147 410 3234 μνημονεύων
433 3145 493 3214 τὸν
517 3144 623 3214 αὐτοῦ
646 3145 723 3214 υίὸν
742 3146 919 3235 Νικάνορα
938 3153 1060 3236 ἔθρεψε
1083 3149 1138 3216 καὶ
1158 3149 1244 3216 έπαί-

73 3260 195 3324 (δινσε
223 3256 279 3322 καὶ
307 3253 384 3322 υίδν
412 3253 604 3341 ἐποιήσατο,
632 3255 687 3321 καὶ
715 3257 878 3322 τελευτῶν
906 3257 1077 3324 ἐκέλευσεν
1106 3256 1142 3322 έν
1173 3257 1244 3320 δια-

76 3361 223 3450 ·θήκαις
243 3359 306 3448 τὴν
330 3363 450 3430 ἑαυτοῦ
471 3362 642 3447 θυγατέρα
660 3366 834 3447 Πυθαίδα,
858 3364 1042 3449 γενομένην
1066 3359 1155 3454 αὐτῷ
1179 3358 1244 3430 άπο

66 3596 128 3624 ξ
148 3595 176 3647 p.
193 3583 254 3645 246,
268 3583 295 3643 6,
314 3575 376 3644 περὶ
396 3570 555 3643 εὖγείὶ).
644 3580 738 3644 Ῑνομ.
755 3569 833 3644 Ῥωμ.
853 3601 887 3620 ---
905 3594 932 3645 p.
948 3581 1009 3644 247,
1024 3582 1058 3629 23
1147 3582 1243 3647 ἣνομ.

62 3659 177 3730 βαρβ.
199 3681 232 3702 =
250 3656 295 3711 ib.-
361 3649 529 3723 σνναγωγὴν
552 3654 640 3708 Ραίοι.
664 3656 850 3725 ψευδίγροιφα
869 3656 1032 3711 Arabiam*
1072 3650 1245 3730 δάσεβείας

57 3739 222 3793 Ambros.
239 3736 329 3792 Paim.
386 3731 554 3802 ὅέκκλησία
568 3735 693 3790 Ambros.
710 3736 801 3790 Palm.
857 3731 1005 3806 ἐγκώμιον.
1025 3732 1147 3792 πλούτου
1166 3732 1244 3804 πρὸς.

58 3817 252 3872 <Arabiam
341 3810 388 3870 Ἀλ
407 3814 472 3883 περὶ
491 3813 550 3867 sine
569 3813 638 3884 inip.
658 3815 782 3870 Ambios.
799 3815 890 3870 Paim.
972 3810 1132 3887 ὅμιθόδον
1153 3815 1244 3869 Palm.

74 3893 235 3966 Sequitur·
253 3895 283 3949 in
302 3896 382 3952 codd.
402 3895 576 3965 epigramma
595 3911 628 3949 ex
647 3893 732 3949 Anth.
752 3895 810 3950 Pal.
830 3894 856 3948 ΙΙ
874 3914 901 3965 p.
921 3901 973 3952 859
993 3898 1068 3964 (app.
1084 3897 1146 3964 321)

167 3984 194 4038 V
214 3984 356 4039 rAdieoti
374 3986 440 4038 suni
454 3982 621 4052 paginarum
635 3983 744 4038 numeri
758 3983 801 4037 ed.
812 3983 916 4038 Robbei
970 3990 985 4039 λ
1005 3983 1141 4038 excidisse
1160 3999 1244 4049 quae-

61 4062 160 4122 dam
181 4064 267 4120 verba
283 4067 374 4134 μεθείς
394 4061 548 4136 <πολί>της
567 4061 620 4132 μὲν
639 4053 675 4132 ἦν
689 4064 852 4132 Σταγείρων
866 4063 970 4132 Rome,
998 4063 1048 4132 τῆς
1067 4060 1120 4133 μέν
1138 4059 1245 4124 πόλεως
1307 4099 1310 4105 ·

58 4145 272 4212 -Δικνιοοίιω,
292 4145 368 4213 quod
385 4144 414 4197 in
429 4146 536 4198 textum
555 4143 648 4214 recepi
713 4148 728 4196 9
748 4141 813 4197 Ood.
832 4142 879 4197 hic
894 4144 923 4196 ei
936 4143 1009 4196 infra
1027 4143 1155 4210 Θεττιάς,
1175 4158 1243 4196 corr.

63 4217 190 4281 Βούλει
250 4230 283 4280 15
302 4225 340 4279 At
358 4225 387 4278 in
403 4225 452 4278 rel.
467 4220 724 4299 νὶλίε-Ἀριμνηστης
742 4221 829 4276 frater
848 4226 901 4289 θῶς
920 4224 1044 4276 nostram
1061 4221 1244 4276 iraditionem

63 4306 191 4361 servm
209 4303 301 4359 limbo
366 4311 398 4359 16
417 4306 551 4373 Amyntas
570 4305 609 4373 ΙΙ,
629 4305 677 4374 qui
696 4302 825 4372 regnavit
843 4308 995 4357 394-370
1056 4307 1090 4356 21
1110 4298 1244 4370 τρέφεται

64 4384 290 4447 DosciiRobbe
344 4375 378 4438 ού
397 4384 446 4438 κοιλ
465 4385 513 4454 τῆς
527 4385 634 4454 τροφῆς
649 4384 874 4456 διαμεμνημέυος
889 4380 938 4438 vii.
953 4383 1081 4436 Ammon.
1097 4399 1124 4450 p.
1137 4385 1243 4446 398,12

82 4456 185 4521 Wert.
207 4463 272 4520 hine
290 4464 396 4535 τροφῆς
415 4464 494 4518 scrib.
515 4465 585 4520 coni.
605 4465 697 4520 Robbe
769 4472 803 4520 24
822 4459 962 4520 Πυθιάδα
981 4461 1104 4532 praeferi
1121 4461 1213 4519 Robbe
