2880 5054
180 312 244 376 136
641 306 856 364 ricsrcfflcc
913 320 920 327 ·

178 473 309 542 άλότων
328 470 544 554 ἀντιθέσεων,
562 472 637 555 περὶ
656 472 839 557 καταρχῶν,
858 470 932 554 περὶ
948 465 1121 556 ἀριθμῶν,
1142 464 1321 557 ὑπόμνημα

178 585 225 660 εἰς
245 576 473 667 Ἀριστοτέλην
497 579 552 644 καὶ
575 575 658 644 άλλα
681 575 757 645 τινά
779 575 863 663 πρὸς
884 575 944 645 τὸν
969 575 1073 646 αὐτὸν
1094 575 1294 648 Ἰουλιανόν.

266 689 354 755 DVI.
391 693 436 752 Μ
440 683 634 772 αριανὸς
662 683 809 772 Μάρσου
840 683 1038 773 δικηγόρου,
1065 688 1135 753 τῶν
1162 682 1320 774 ὑπάρχων

174 791 300 880 Ῥώμης
314 789 488 882 (Ῥωμαίος
501 788 566 878 γάρ
580 790 617 860 τὸ
633 787 784 879 άρχαίον,
799 791 1057 879 μετοικήσαντος
1071 790 1110 859 δὲ
1124 794 1189 860 τοῦ
1203 790 1323 880 πατρὸς

152 898 465 987 εἘλευθερόπολιν,
484 905 565 985 μίαν
583 902 650 966 τῶν
668 902 727 984 τῆς
740 898 870 985 πρώτης
884 890 1137 986 Παλαιστίνης),
1157 896 1224 967 άπὸ
1243 896 1321 968 trd-

177 1033 245 1074 των
270 1007 325 1074 καὶ
348 1003 508 1093 ὑπάρχων
530 1006 585 1073 καί
609 1011 779 1092 πατρίκιος
803 1005 965 1092 γεγονός,
989 1005 1026 1073 τὸ
1051 1006 1322 1094 ἐπιφανέστερον,

178 1111 259 1181 κατὰ
278 1113 338 1180 τὸν
357 1113 494 1199 βασιλέα
511 1110 737 1181 Ἇναστάσιον.
775 1117 898 1198 ε”γραψε
916 1118 1031 1199 βιβλία
1048 1116 1211 1181 τοσαῦτα·
1234 1115 1322 1201 μετά-

178 1239 304 1308 φρασιν
327 1225 509 1306 Θεοκρίτου
532 1222 570 1287 ἐν
593 1218 727 1306 ἰάμβοις
750 1219 848 1309 γρν’,
871 1218 1079 1306 μετάφρασιν
1096 1216 1322 1289 Ἀπολλωνίου

177 1332 244 1396 τῶν
274 1325 541 1414 Ἀργοναυτικῶν
575 1328 612 1393 ἐν
645 1324 777 1411 ἰάμβοις
812 1325 909 1417 ,εχη’,
947 1325 1159 1414 μετάφρασιν
1204 1334 1322 1397 Καλλι-

140 1461 165 1500 10
179 1435 287 1522 μάχου
301 1432 451 1519 Ἑκάλης,
470 1431 588 1519 ὕμνων
608 1432 663 1500 καὶ
681 1435 750 1500 τῶν
765 1437 890 1501 Αἰτίων
908 1433 964 1501 καὶ
982 1437 1049 1501 τῶν
1065 1434 1323 1523 ἐπιγραμμάτων

181 1545 217 1609 ἐν
237 1541 370 1628 ἰάμβοις
389 1538 488 1631 ,ςωι’,
512 1541 719 1627 μετάφρασιν
735 1537 876 1625 Ἀράτου
895 1543 932 1608 ἐν
952 1538 1085 1627 ἰάμβοις
1105 1543 1212 1632 ,αρμ’,
1232 1542 1322 1630 μετά·

180 1668 306 1736 φρασιν
325 1647 524 1734 Νικάνδρου
542 1650 610 1714 τῶν
629 1651 807 1734 Θηριακῶν
826 1650 863 1715 ἐν
889 1646 1022 1734 ἰάμβοις
1039 1647 1129 1737 ‘ccco'
1147 1648 1205 1716 καὶ
1225 1647 1321 1729 άλλας

179 1753 304 1834 πολλάς
326 1753 555 1841 μεταφράσεις.

268 1865 371 1931 DVH.
393 1869 436 1929 Μ
439 1875 577 1947 αρῖνος
594 1865 803 1946 Νεαπολίτης
813 1859 1001 1948 φιλόσοφος
1014 1862 1205 1950 καὶρήτωρ,
1219 1872 1320 1950 μαθη-

140 1999 165 2039 15
179 1970 237 2058 της
251 1969 409 2057 Πρόκλου
428 1972 488 2037 τοῦ
506 1965 700 2053 φιλοσόφου
717 1968 773 2035 καὶ
793 1966 959 2055 διάδοχος.
998 1974 1121 2058 ἔγραφε
1135 1975 1215 2056 βίον
1234 1969 1320 2058 Πρό-

179 2086 262 2144 κλου
291 2080 351 2144 τοῦ
384 2072 489 2142 αὑτοῦ
518 2073 724 2141 διδασκάλου
756 2076 811 2142 καὶ
840 2073 1039 2162 φιλοσόφων
1067 2075 1233 2163 ζητήματα
1270 2076 1320 2145 καὶ

181 2183 265 2264 άλλα
288 2179 363 2250 τινδι
387 2179 620 2267 καταλογάδην
641 2181 697 2247 καὶ
722 2183 848 2260 ε’πικῶς.

269 2292 392 2357 DVIII.
420 2289 657 2375 Μάρκελλος
672 2284 894 2375 Περγαμηνὸς
908 2287 1029 2375 ῥήτωρ.
1053 2294 1179 2377 ἔγραφε
1192 2296 1319 2377 βιβλίον

177 2395 351 2484 Ἀδριανδς
373 2392 394 2483 ἢ
418 2395 493 2480 περὶ
516 2399 693 2479 βασιλείας.

142 2532 168 2570 20
270 2507 357 2571 DIX.
396 2501 630 2588 Μάρκελλος
656 2500 803 2587 Σιδήτης
827 2501 950 2588 ἰατρός,
974 2503 1027 2570 ἐπὶ
1046 2503 1195 2591 Μάρκου
1209 2502 1320 2577 Ἀντω

179 2617 287 2699 γίνου.
330 2601 427 2690 οὗτος
451 2615 573 2698 ἔγραψε
598 2605 643 2674 δι’
670 2610 759 2676 ε’πῶν
782 2605 938 2694 ἡρωικῶν
963 2615 1077 2696 βιβλία
1101 2612 1233 2701 ἰατρικά
1255 2616 1318 2703 μβ,

182 2722 218 2787 ἐν
243 2714 292 2799 οἷς
315 2719 370 2786 καὶ
393 2717 468 2803 περὶ
492 2714 749 2803 λυκανθρεόπου.

268 2828 338 2893 DX.
378 2823 564 2911 Μάρκος
592 2819 609 2890 ὁ
639 2823 695 2889 καὶ
720 2820 933 2910 Ἀντωνῖνος,
964 2825 1122 2911 βασιλεὺς
1140 2824 1326 2915 Ῥωμαίων,Ι

182 2930 199 2999 ὁ
224 2930 395 3010 ἐπαινετὸς
417 2927 499 2996 κατὰ
521 2927 630 2997 πάντα
654 2929 849 3019 φιλόσοφος,
872 2927 1038 3020 άκροατης
1058 2934 1121 3021 μὲν
1139 2936 1196 3004 καί
1214 2934 1318 3004 ἄλλων

141 3062 166 3101 25
180 3040 314 3105 πολλῶν
338 3037 528 3125 γενόμενος,
552 3034 693 3123 ὕστερον
719 3036 755 3105 δὲ
780 3036 938 3125 διήκουσε
957 3040 1086 3121 Σέξτου
1109 3044 1145 3111 ἐκ
1164 3047 1318 3121 Βοιωτίας

253 3204 266 3251 1
286 3194 480 3252 άντισθὲντων
498 3204 521 3250 V

251 3279 315 3333 DVI
338 3283 468 3346 Μαρῖνος
487 3280 529 3332 est
546 3278 687 3348 Εααηνίο,
711 3277 782 3333 Hist.
802 3279 868 3335 eccl.
888 3280 940 3348 ΙΙΙ,
959 3286 993 3334 42
1083 3289 1101 3337 4
1119 3277 1256 3353 Ῥωμαῖος
1272 3280 1318 3353 μὲν

181 3356 211 3413 τό
230 3366 253 3412 V
326 3365 341 3413 5
365 3354 423 3413 άπὸ
447 3355 564 3412 ὑπάτων
583 3376 637 3413 om.
658 3359 720 3413 cdd.
739 3360 807 3413 vett.
881 3365 896 3412 6
915 3356 1038 3427 γεγονός
1061 3362 1118 3415 τῶν
1137 3356 1318 3432 ἐπιφανεστά-

181 3459 236 3492 των
253 3439 414 3493 (ἶαίεολιυιίιί
485 3435 735 3507 8μετάφρασιςλ
772 3434 901 3514 σεχιί
916 3446 939 3492 V
1013 3446 1045 3495 10
1064 3441 1121 3495 τόν
1139 3444 1207 3497 ante
1226 3440 1318 3497 Αἰτίων

182 3536 235 3572 orn.
255 3523 277 3570 Δ
296 3518 370 3572 idem
389 3520 453 3572 antc
473 3513 692 3588 ἐπιγραμμάτων
712 3536 765 3571 om.
780 3524 803 3570 V

252 3598 329 3650 DVlI
350 3598 425 3652 Ευολ.
440 3616 467 3666 p.
483 3603 534 3651 495
610 3604 642 3651 16
663 3597 708 3650 Sic
727 3599 838 3668 scripsi,
858 3617 921 3653 cum
940 3601 1014 3669 quod
1035 3600 1104 3655 libri
1124 3603 1262 3672 praebent
1277 3600 1319 3657 καλ

181 3674 378 3746 καταλογάδην
398 3678 446 3731 καὶ
465 3674 569 3738 ἕπικῶς
588 3678 637 3730 καλ
661 3673 731 3731 άλλα
749 3676 813 3733 τινά
834 3677 998 3748 φιλοσόφων
1021 3680 1166 3752 ζητήματα
1189 3682 1320 3739 sententia

180 3757 322 3826 privatum
341 3774 402 3812 esse
421 3759 529 3827 pateat,
554 3762 643 3826 φιλοσ.
664 3762 719 3827 ζητ.
739 3759 788 3813 καὶ
806 3756 877 3815 άλλα
895 3758 959 3816 τινά
982 3761 1031 3816 καὶ
1053 3762 1254 3835 καταλογάδην
1277 3762 1319 3819 καί

181 3834 285 3900 ε’πικώς
304 3856 373 3893 corr.
388 3840 539 3895 Fabricius
553 3840 582 3894 in
598 3841 706 3910 Proleg.
728 3841 763 3894 ad
778 3840 879 3894 Marini
894 3842 1037 3911 Proetum,
1056 3844 1194 3913 probante
1207 3846 1319 3901 Kanum

182 3923 213 3971 15
232 3917 286 3973 Hic
305 3919 455 3989 adscripsit
474 3921 572 3976 Suidas
591 3925 723 3991 excerpta
743 3940 776 3976 ex
794 3922 923 3977 Damccc.
942 3924 1023 3979 Phot.
1043 3942 1071 3993 p.
1090 3930 1143 3979 338

250 3998 340 4054 DVIII
359 4000 434 4054 Eud.
454 4020 480 4070 p.
501 4007 552 4056 496
626 4006 658 4055 18
679 4004 771 4074 βιβλία
790 4007 866 4055 BVE
938 4009 971 4057 19
988 3999 1131 4073 Ἀδριανός
1148 4007 1221 4078 vulp.
1241 4004 1318 4071 Ευά,

180 4079 255 4147 quod
272 4078 378 4148 recepi,
395 4075 539 4148 Ἀδριανδν
558 4085 634 4133 ABV
701 4087 734 4135 22
755 4078 787 4136 ἐν
806 4079 847 4143 οἷς
866 4100 921 4151 seq.
941 4085 1144 4152 εοερ.1)αιιλιιό

251 4157 315 4211 DIX
334 4159 409 4214 Εαιί.
430 4179 456 4228 p.
476 4167 528 4213 493
597 4167 632 4215 20
647 4163 767 4231 ΙΣιδίτης
784 4164 856 4232 culp.
877 4164 952 4218 Eud.
972 4161 1096 4232 Σιδήτης
1114 4169 1166 4217 Av
1227 4171 1261 4221 22
1278 4169 1319 4219 λο-

180 4233 269 4291 κάνου
285 4256 380 4293 omnes
395 4240 459 4293 libri
476 4243 504 4294 et
518 4241 592 4294 Εαιί.
609 4238 744 4309 (λυκάῆῦ
753 4246 785 4312 Δ)
806 4243 970 4312 compendio
990 4245 1064 4298 male
1078 4244 1238 4316 intellecto,
1256 4262 1324 4301 ccrr.

180 4321 245 4385 post
263 4320 437 4373 Lcmbecc'um
452 4321 596 4374 Καιίααε.
633 4321 761 4376 Ceterum
781 4324 814 4375 de
834 4321 917 4377 tertio
936 4322 1086 4393 Marcello,
1104 4325 1153 4395 qui
1171 4318 1320 4380 Αἰθιοπικά

183 4400 308 4469 scripsit,
329 4401 362 4454 cf.
382 4401 484 4454 Miiller
502 4400 540 4454 IV
559 4419 585 4470 p.
606 4408 670 4469 4433
689 4404 799 4471 Rohdc‚
819 4403 865 4457 Gr.
884 4402 994 4458 Roman
1012 4422 1039 4473 p.
1059 4407 1188 4462 2171101.
1208 4410 1224 4460 1

254 4480 304 4531 DX
328 4497 381 4534 cm.
402 4481 539 4535 Westerm.
639 4487 673 4535 25
697 4483 746 4536 καί
769 4481 877 4548 Σέξτου
901 4484 987 4539 deter.
1010 4483 1077 4538 libri
1122 4485 1172 4539 καλ
1193 4502 1248 4541 cm.
1270 4486 1322 4537 n
