2910 5056
184 299 206 361 4
651 298 864 354 HESYCHIUS.

186 456 367 544 δαγορικὸς
391 454 438 526 ῶν
457 459 511 526 καὶ
531 458 689 546 ἐμψύχων
708 456 926 546 ἀπεχόμενος,
946 455 1105 544 Ὀλύμπια
1122 455 1274 543 νικήσας,
1298 459 1332 524 ἐκ

184 568 373 649 λιβανωτοῦ
396 565 451 632 καὶ
475 564 626 652 σμίρνης
648 565 702 632 καὶ
726 568 793 634 τῶν
819 568 1011 633 πολυτελῶν
1037 562 1225 652 ἀρωμάτων
1243 566 1329 648 βοῦν

186 669 379 750 ἀναπλάσας
401 672 545 758 διένειμε
567 687 637 752 τοῖς
656 677 703 752 είς
725 672 788 759 τήν
810 673 1000 760 πανήγυριν
1020 668 1237 758 ἀπαντήσασι.
1275 669 1329 736 καὶ

185 774 203 869 δ
227 785 309 858 Χῖος
322 776 403 847 Ἴων
422 783 613 870 τραγῳδίαν
636 779 778 866 νικήσας
796 776 980 865 Ἀθήνησιν
999 779 1123 869 ἑκάστω
1142 781 1212 846 τῶν
1234 775 1331 863 Ἀθη-

158 891 291 954 5ναίων
320 890 422 953 ἔδωκε
449 893 535 954 Χίον
561 885 729 974 κεράμιον.
779 886 834 953 καλ
866 882 883 953 ὁ
909 883 1165 972 Ἀκραγαντῖνος
1196 889 1333 964 Τελλίας

105 1040 109 1046 -
185 992 361 1080 φιλόξενος
391 988 440 1060 ῶν
468 993 676 1061 καταλῦσασί
703 1018 782 1061 ποτε
812 998 1041 1073 πεντακοσίοις
1071 995 1227 1060 ἱππεῦσιν
1260 989 1333 1081 ῶρηι

184 1104 346 1186 χειμῶνος
369 1104 493 1168 ἔδωκεν
518 1101 642 1189 ἑκάστῳ
666 1105 790 1187 χιτῶνα
813 1101 867 1167 καὶ
892 1098 1033 1187 ίμάτιον.
1079 1096 1128 1167 ὅτι
1153 1097 1291 1185 Χάρμος
1315 1095 1333 1166 ὃ

73 1226 81 1243 ·
185 1205 421 1294 Συρακούσιος
449 1212 496 1286 είς
524 1209 753 1275 ἕκαστοντῶν
781 1209 818 1275 ἐν
841 1220 911 1285 τοῖς
939 1210 1087 1284 δείπνοις
1114 1206 1334 1294 παρατιθεμέ-

185 1341 256 1382 νων
284 1318 427 1401 στιχίδια
455 1315 510 1382 καὶ
540 1318 719 1401 παροιμίας
747 1319 846 1399 ἔλεγε.
892 1315 1062 1400 Κλέαρχος
1090 1312 1127 1379 δὲ
1155 1308 1179 1392 ὁ,
1201 1312 1335 1391 Σολεὺς

147 1438 171 1475 1⁰
187 1425 423 1507 δειπνολογίαν
446 1428 540 1489 καλεῖ
560 1420 597 1489 τὸ
622 1426 764 1508 ποίημα,
787 1419 883 1489 ἀλλοι
907 1417 1109 1506 ὀψολογίαν,
1136 1417 1335 1505 Χρύσιππος

185 1533 448 1614 γαστρονομίαν,
473 1525 568 1595 ἀλλοι
591 1525 812 1615 ἡδυπάθειαν.
849 1525 900 1596 ὅτι
924 1529 960 1596 ἐν
983 1531 1029 1618 τῶ
1049 1530 1224 1616 συμποσίω
1244 1525 1336 1594 Πλά-

184 1661 290 1714 τωνος
313 1631 504 1701 είκοσιοκτῶ
528 1625 615 1719 ἦσαν
639 1633 858 1720 δαιτυμόνες]

274 1744 328 1808 ΙΧ.
349 1737 623 1826 Ἀθηνόδωρος
647 1732 760 1824 [οὗτος
778 1732 822 1826 ἦν
840 1739 1040 1828 στρατιώτης
1052 1737 1242 1827 Ἀθηναῖος.
1266 1745 1337 1809 ἔστι

186 1849 222 1915 δὲ
240 1849 296 1916 καὶ
315 1851 453 1935 ἕτερος,]
475 1847 627 1935 μαθητής
645 1853 833 1915 Διονυσίου
852 1851 913 1916 τοῦ
929 1844 1173 1934 Ἀρεοπαγίτου.
1209 1853 1338 1935 ἔγραψε

147 1971 171 2010 1⁵
186 1956 223 2023 δὲ
246 1955 401 2043 διάφορα.
447 1955 516 2038 [καὶ
542 1957 650 2042 ἕτερος
676 1953 852 2041 σοφιστής,
883 1951 1028 2041 ἀδελφὸς
1051 1959 1244 2043 Γρηγορίου
1274 1959 1338 2022 τοῦ

185 2065 470 2150 θαυματουργοῦ.]

273 2172 311 2238 X.
343 2171 537 2255 Αίδέριος
560 2171 649 2236 ἐπῶν
672 2167 817 2255 ποιητής.
855 2173 977 2257 ἔγραψε
1001 2167 1166 2254 διάφορα,
1189 2170 1245 2239 καλ
1268 2172 1338 2238 ἑπι-

185 2275 355 2363 θαλάμιον
379 2274 423 2342 δι’
450 2278 538 2344 ε’πῶν
562 2279 608 2354 είς
631 2279 834 2361 Σιμπλίκιον
857 2272 917 2342 τὸν
941 2278 1031 2342 ίδιον
1054 2271 1216 2360 ἀδελφόν.

273 2385 329 2451 XI.
361 2381 568 2466 Αίλιανός,
592 2378 656 2448 άπδ
678 2384 890 2465 Πραινεστοῦ
908 2384 966 2467 τῆς
982 2378 1136 2466 Ἰταλίας,
1161 2379 1339 2470 ἀρχιερεὺς

145 2505 170 2543 20
184 2489 240 2556 καὶ
264 2487 423 2577 σοφιστής
443 2486 460 2556 ὁ
480 2492 683 2576 χρηματίσας
698 2486 884 2572 Κλαύδιος,
908 2483 945 2567 δς
966 2486 1132 2574 ἐπεκλήθη
1151 2494 1338 2576 μελίγλωσ-

184 2615 242 2675 σος
264 2592 285 2682 ἢ
305 2603 548 2684 μελίφθογγος,
572 2597 626 2663 καλ
646 2597 883 2681 ίσοφίστευσεν
907 2596 944 2662 ἐν
957 2592 1066 2683 Ῥῶμη
1086 2590 1245 2685 crispini
1268 2601 1338 2667 τῶν

183 2701 264 2790 μετὰ
286 2700 464 2791 Ἀδριανδν
487 2701 629 2790 χρόνων.

273 2813 347 2877 XII.
383 2815 554 2889 Αἰνείας.
599 2800 696 2889 οῦτος
728 2814 850 2895 ἔγραψε
880 2811 955 2897 περὶ
984 2815 1138 2897 πυρσῶν,
1173 2807 1219 2890 ῶς
1252 2832 1339 2899 φησι

185 2915 371 3001 Πολύβιος,
394 2917 449 2983 καὶ
472 2915 547 3001 περὶ
571 2917 851 3002 στρατηγημάτων
875 2913 1064 3004 ὑπόμνημα.

145 3034 171 3074 25
274 3024 363 3088 XIII.
395 3031 560 3100 Αίνικος
581 3019 758 3108 Ἀθηναῖος
776 3023 935 3110 κωμικός,
958 3029 1026 3090 ε”στι
1050 3022 1087 3090 δὲ
1110 3028 1176 3111 τῆς·
1193 3023 1339 3114 ἀρχαίας

256 3237 295 3291 IX
318 3237 405 3292 vitam
429 3254 482 3291 om.
509 3237 644 3291 Westerm.
676 3237 752 3290 Eud.
772 3255 798 3304 p.
818 3243 861 3305 87,
885 3254 955 3305 quae
979 3237 1018 3291 sic
1037 3237 1152 3292 desinit:
1177 3229 1212 3292 eri
1237 3235 1339 3308 γιγνά·

185 3337 259 3373 σκων
283 3313 349 3380 τοῦς
373 3313 537 3387 ῥητορικοὺς
561 3320 608 3386 (an
626 3312 797 3385 npscsuoict)
820 3318 881 3378 τῶν,
899 3314 990 3386 λόγων
1008 3316 1057 3371 καλ
1080 3314 1254 3387 πολυμαθὴς
1274 3319 1339 3390 περὶ

184 3396 219 3452 τά
239 3393 372 3469 ῥητορικὰ
392 3397 493 3469 μέτρα,
512 3399 547 3453 de
565 3397 665 3466 quibus
683 3415 709 3451 v.
729 3397 838 3453 Unters.
858 3416 884 3467 p.
904 3404 950 3464 433
970 3396 1088 3452 fortasse
1107 3415 1141 3452 ex
1155 3397 1255 3453 fratris
1270 3400 1339 3456 Gre-

185 3478 258 3546 gorii
277 3473 303 3547 (ὁ
319 3477 367 3532 καλ
382 3473 540 3547 Θεόδωρος)
559 3476 619 3531 vita
637 3476 778 3544 descripta
795 3478 878 3546 putat
891 3477 976 3530 Daab
1023 3483 1056 3531 13
1076 3476 1154 3542 Quae
1168 3479 1285 3549 seclusi,
1306 3498 1339 3534 ex

185 3558 349 3627 Harpocrat.
368 3576 395 3611 v.
407 3551 499 3624 Ἅιδην.
514 3555 663 3625 adscripsit
677 3554 789 3626 Suidas‚
812 3560 936 3612 extrema
949 3557 1008 3626 ipse
1023 3557 1103 3610 finxit
1117 3574 1171 3612 om.
1188 3559 1339 3628 sophistae

185 3637 278 3706 patria
296 3635 396 3704 Aenia3
421 3637 539 3691 cundem
562 3635 717 3705 sophistam
741 3636 888 3705 descripsit
905 3636 1066 3690 Philostrat.
1086 3636 1144 3692 Vit.
1163 3638 1203 3707 ΙΙ,
1226 3645 1262 3693 14

186 3724 219 3770 14
236 3713 436 3784 Ἀρεοπαγίτου
456 3721 479 3768 Δ

256 3796 281 3848 X
302 3803 334 3852 18
354 3795 393 3850 Cf.
413 3816 437 3850 v.
453 3797 631 3866 Σιμπλίκιος,
650 3797 699 3851 ubi
717 3799 802 3853 verba
816 3792 969 3853 extremai
989 3793 1145 3866 φιλόσοφος
1163 3797 1271 3856 iniuria
1295 3819 1340 3856 ex-

185 3877 285 3946 punxit
302 3877 482 3948 Βινκλιονιίγ,
500 3876 630 3931 Panolhii
648 3879 795 3946 aequalem
813 3879 899 3934 fuisse
919 3879 1001 3933 docet
1018 3897 1045 3933 v.
1064 3873 1227 3949 Πανόλβιος

256 3958 295 4011 XI
314 3955 355 4013 cf.
374 3957 535 4013 Philostrat.
556 3959 612 4012 Vit.
632 3959 670 4026 ΙΙ,
691 3965 706 4011 3
778 3965 810 4013 19
830 3955 844 4013 ὁ
864 3954 962 4014 άκδΕ
1034 3963 1069 4012 20
1088 3961 1265 4028 χρηματίσας
1284 3980 1339 4019 om.

185 4034 242 4091 is
296 4039 428 4108 Κλαυδίῳ
447 4043 581 4091 ABVEM

256 4119 308 4172 XII
326 4117 440 4172 Tractat
457 4118 536 4187 Hug,
556 4119 665 4172 Aeneas
683 4138 709 4174 v.
730 4120 910 4189 Stymphalos
933 4117 1045 4187 (Ziirich
1066 4119 1147 4186 1877)
1229 4125 1266 4173 24
1287 4121 1340 4176 Po·

190 4196 245 4266 lyb.
265 4198 290 4252 X
309 4215 331 4254 o.
351 4205 368 4252 4
386 4198 451 4268 περὶ
470 4199 660 4268 στρατηγικῶν
679 4216 748 4254 corr.
767 4200 905 4254 Kosmas

255 4278 320 4332 XIII
338 4279 414 4333 Eud.
434 4297 461 4348 p.
483 4283 546 4344 1183
566 4277 601 4332 de
620 4295 653 4332 eo
672 4279 706 4334 cf.
726 4277 854 4334 Meineke
872 4279 885 4330 I
903 4296 930 4346 p.
951 4284 1002 4332 249
1021 4295 1077 4346 seq.
1170 4276 1211 4330 cf.
1232 4277 1338 4337 Athen.

184 4358 249 4411 XIII
267 4375 293 4426 p.
314 4364 365 4412 567
384 4362 413 4412 et
429 4362 480 4411 568
555 4365 588 4411 25
608 4355 730 4420 Εὔνικος
748 4360 886 4414 Καείεννε
905 4357 966 4414 οοΙΙ,
988 4359 1092 4414 Polluc.
1110 4358 1144 4424 X,
1163 4374 1186 4411 c.
1207 4365 1243 4412 24
1264 4359 1338 4418 Εῦν.

185 4433 216 4490 ἐν
232 4434 336 4491 Ἀντεία
