2910 5056
633 286 847 344 Ητετοιιιοε.
1243 260 1245 263 ’
1297 294 1314 356 γ

163 444 432 534 Μεσημβριανὸν
449 444 555 533 εἶπεν,
571 440 670 515 Δάλλοι
689 450 844 516 Κοτυαέα
861 449 988 537 Φρύγα.
1012 454 1141 538 ἐγένετο
1162 455 1199 522 δὲ
1218 464 1314 542 λογο-

159 552 274 638 ποιός,
299 551 318 621 ό
343 556 433 623 ἐστιν
458 552 593 642 εὑρετὴς
614 555 727 642 λόγων
750 557 805 622 καὶ
824 554 1069 645 ἀποκριμάτων.
1108 561 1256 648 διέτριψε
1276 562 1313 630 δὲ

160 658 251 749 παρὰ
271 666 408 752 Κροίσῳ
433 661 651 749 φιλοῦμενος,
678 675 748 743 τοῖς
770 661 906 750 χρόνοις
928 663 992 751 πρὸ
1016 667 1244 754 Πυθαγόρου,
1269 666 1314 748 ὡς

161 770 290 854 μεσοῦν
313 768 363 835 έπλ
393 771 452 854 τῆς
474 768 506 855 μ’
533 766 747 857 ὀλυμπιάδος.
789 775 912 858 ἔγραφε
936 769 975 838 τά
994 774 1031 840 ἐν
1052 780 1200 859 Δελφοῖς
1222 774 1312 866 αὐτῷ

161 875 337 961 συμβάντα
361 875 397 941 έν
422 879 567 962 βιβλίοις
589 876 630 962 β’.
675 881 804 963 μᾶλλον
833 880 873 947 δέ
893 880 981 958 τινές
1008 898 1090 965 φασι
1117 879 1177 948 τὸν
1201 890 1339 953 Αἶσα-5

161 1005 226 1049 πον
249 977 458 1068 ἀποκρίματα
480 985 685 1070 γεγραφέναι
708 968 831 1070 μόνον·
860 987 896 1053 έν
925 985 988 1073 γὰρ
1014 995 1162 1074 Δελφοῖς
1190 986 1312 1069 ἀδίκως

160 1086 363 1173 ἀπολέσθαι,
391 1081 448 1183 δότ’
475 1087 586 1158 αὐτῶν
610 1092 943 1177 κατακρημνισθέντα
966 1090 1030 1161 ἀπὸ
1055 1098 1123 1162 τῦν
1150 1098 1310 1182 Φαιδριά-

161 1199 234 1262 δων
255 1196 474 1282 καλουμένων
496 1200 642 1283 πετρῶν,
666 1195 748 1264 κατά
771 1196 832 1284 τὴν
856 1198 909 1266 νδ’
934 1197 1132 1287 ὀλυμπιάδα.
1180 1204 1311 1289 οἰκέτην
1340 1261 1344 1267 .

159 1302 197 1371 δὲ
221 1303 379 1389 γενέσθαι
397 1302 539 1380 Ξάνθου
561 1307 622 1373 τοῦ
646 1308 779 1390 Λυδοῦ,
802 1303 899 1373 άλλοι
918 1303 1043 1393 ἀνδρός
1065 1334 1158 1387 τινος
1176 1314 1312 1396 Σαμίου

156 1407 346 1498 Ἰάδμονος,
375 1400 430 1494 [οῦ
457 1437 550 1490 τινος
575 1411 631 1478 καὶ
659 1408 860 1496 ἡῬοδῶπις
883 1412 988 1499 δούλη
1016 1407 1074 1501 ἦν,
1103 1411 1146 1501 ἣν
1175 1415 1310 1500 ἑταίραν
1326 1436 1350 1474 1⁰

160 1519 362 1604 γενομένην,
387 1521 547 1606 Θρᾷσσαν
570 1516 739 1604 τὸγένος,
763 1517 915 1605 Χάραξος
939 1517 957 1587 δ
980 1518 1126 1608 ἀδελφὸς
1145 1526 1310 1608 Σαπφοῦς

160 1629 258 1711 ἔλαβε
281 1639 439 1711 γυναῖκα,
462 1625 524 1692 καὶ,
541 1626 575 1706 έξ
598 1621 701 1711 αῦτης
723 1628 921 1714 γεννᾷ...]

248 1750 334 1818 XIX.
373 1748 642 1838 [Ἀκουσίλαος
662 1747 842 1837 Ἀθηναῖος
861 1750 924 1837 τόν,
941 1728 1184 1837 Ἀγαθοκλείας.
1210 1744 1309 1832 οὗτος

158 1854 293 1944 ἠράσθη
317 1856 430 1942 λόγων
448 1858 485 1924 έν
502 1855 673 1944 Ἀθήναις,
697 1856 752 1924 καλ
776 1855 887 1925 ἐλθὼν
907 1862 954 1937 είς
971 1855 1102 1946 Ῥάμην
1121 1859 1174 1926 ἐπὶ
1194 1857 1308 1945 Γάλβα

159 1964 324 2050 διέτριβεν
352 1966 389 2032 ἐν
417 1964 531 2055 λόγοις
558 1967 761 2051 ῥητορικοῖς,
791 1965 846 2030 καλ
876 1964 1163 2052 χρηματισάμενος
1192 1967 1230 2033 έν
1259 1969 1304 2057 τῷ
1322 1987 1346 2028 1⁵
1386 2046 1390 2053 .

158 2074 315 2139 τελευτάν
338 2071 512 2139 κατέλιπεν
533 2066 727 2155 Ἀθηναίοις
750 2070 829 2137 δέκα
852 2067 1018 2157 μυριάδας
1041 2073 1077 2139 έκ
1099 2070 1230 2157 τόκων]

247 2198 318 2264 XX.
352 2193 604 2274 Ἀκουσίλαος
628 2193 726 2281 Κάβα
748 2194 837 2278 υἱός,
863 2192 1007 2282 Ἀργεῖος
1031 2193 1096 2263 ἀπὸ
1121 2195 1305 2282 Κερκάδος,

156 2301 286 2382 πόλεως
300 2300 403 2388 οῦσης
418 2300 564 2382 Αὐλίδος
577 2307 732 2388 πλησίον,
747 2299 914 2389 ἱστορικὸς
926 2302 1160 2389 πρεσβύτατος.
1185 2308 1306 2390 ἔγραψε

158 2407 195 2477 δὲ
218 2415 433 2496 γενεαλογίας
456 2411 492 2477 ἐκ
516 2409 642 2477 δέλτων
665 2412 813 2495 χαλκῶν,
840 2405 879 2488 ἀς
903 2409 1002 2494 λόγος
1025 2407 1136 2495 εὑρεῖν
1163 2408 1223 2477 τὸν
1246 2434 1305 2477 πα-

154 2516 235 2603 τέρα
258 2514 364 2584 αῦτοῦ
388 2514 553 2604 όρῦξαντά
575 2543 650 2584 τινα
673 2514 777 2583 τόπον
801 2518 858 2601 τῆς
882 2519 988 2595 οίκίας
1011 2513 1125 2585 αὐτοῦ.
1319 2540 1345 2580 ιο

228 2818 242 2866 1
265 2807 488 2885 Μεσημβριανὸν
507 2816 529 2863 A
553 2805 771 2880 Μεσημβριανός
788 2813 837 2860 VE
861 2810 933 2879 νκίρ.
959 2809 1088 2864 Κοτυεέα
1112 2811 1161 2865 sed
1184 2810 1265 2879 prim.
1290 2831 1303 2865 ε

152 2893 240 2948 delet.
259 2897 282 2945 A
305 2890 439 2948 Κοτναέοι
456 2897 479 2943 V
503 2888 615 2945 Κοτυέα
639 2894 718 2941 m
741 2889 886 2944 Κοτυαιέα
905 2889 1065 2945 θαίεαλκιίά
1151 2896 1167 2943 3
1193 2887 1305 2959 χρόνοις

151 2967 342 3042 πρεσβύτερος
355 2973 522 3042 Bernhardy
541 2966 575 3026 οῦ
594 2965 665 3024 κολῦ
680 2967 734 3040 πρὸ
751 2975 828 3026 Πνθ.
844 2972 1000 3027 βτίικίίκίκε
1055 2965 1086 3033 ὃς
1105 2971 1210 3041 μεσοῦν
1229 2971 1305 3039 libri,
1358 3030 1363 3039 ,

151 3069 225 3108 corr.
246 3052 406 3108 θνίναίακίιλ
447 3045 516 3107 άστε
540 3051 621 3122 βιοῦν
646 3045 733 3106 αὐτὸν
754 3052 891 3107 Καείοναε
916 3045 947 3114 ὃς
969 3049 1106 3120 μεσούσης
1129 3050 1233 3106 omisso
1259 3046 1305 3103 ἐπὶ

150 3137 183 3189 et
206 3133 319 3188 sublata
341 3137 404 3204 post
427 3128 601 3204 ὀλυμπιάδος
620 3130 799 3186 distinctione
823 3132 946 3202 βιαλῖριν
969 3132 999 3184 in
1023 3132 1123 3186 Euseb.
1144 3149 1170 3199 p.
1191 3137 1225 3184 93
1247 3137 1306 3192 τοῖς

149 3211 267 3284 χρόνοις
284 3209 338 3284 πρὸ
353 3217 440 3281 Πυθ,
458 3209 581 3283 γεγονός
600 3209 652 3281 μὲν
671 3201 722 3264 οῦν
742 3206 789 3264 έπλ
807 3211 856 3278 τῆς
871 3211 995 3278 Οίίκίοκ,
1015 3210 1077 3265 fast.
1092 3210 1105 3262 I
1120 3229 1147 3280 p.
1163 3216 1215 3263 213
1231 3209 1304 3279 (ch

149 3313 179 3365 p.
198 3294 275 3361 237),
295 3292 329 3347 de
348 3294 440 3347 aetate
458 3311 484 3346 v.
504 3291 585 3361 Diog.
603 3290 624 3359 Ι,
640 3296 673 3343 72
763 3294 779 3342 8
804 3287 916 3359 οἰκέτην
940 3290 974 3344 cf.
994 3290 1181 3344 Wachsmuth
1200 3290 1218 3342 I.
1239 3305 1261 3342 c.
1281 3294 1304 3342 A

148 3372 235 3428 οιδοῦ
255 3376 278 3424 A
355 3378 388 3426 10
411 3361 445 3425 οῦ
464 3390 539 3433 τινος
558 3402 591 3410 -
611 3369 675 3424 exit.
696 3387 728 3425 ex
747 3373 842 3441 glossa
859 3368 993 3432 Ῥοδῶπις
1011 3368 1152 3439 κδευιίρῖν
1171 3386 1230 3424 esse
1253 3369 1303 3423 do·

148 3452 200 3509 cui
216 3451 288 3507 Mus.
312 3452 400 3506 Rhen.
419 3452 523 3507 XXXV
545 3471 572 3521 p.
592 3456 657 3519 2023
681 3451 715 3506 cf.
739 3451 825 3506 etiam
845 3450 943 3521 διάδοτε
965 3469 991 3506 v.
1014 3445 1133 3520 Ἰάδμων
1220 3456 1252 3504 12
1273 3446 1302 3516 έξ

151 3528 247 3589 αῦτοῦ
266 3538 341 3585 BVE
413 3529 475 3595 υίὸς
495 3526 533 3586 ῦν
553 3532 712 3586 θνῖεολικιίά

225 3622 291 3676 XIX
313 3621 452 3691 Hesychio
476 3621 693 3677 abiudieandum
712 3637 772 3675 esse
792 3619 849 3674 dixi
867 3619 937 3676 Mus,
957 3620 1044 3675 Rhen.
1065 3621 1082 3674 l.
1103 3638 1125 3675 ο.
1144 3639 1171 3690 p.
1191 3627 1242 3677 227

152 3709 190 3759 15
210 3699 350 3772 διέτριβεν
368 3706 390 3753 A
410 3699 555 3772 διέτριψεν
573 3703 646 3771 vulp.
724 3707 756 3756 16
776 3697 888 3756 δώδεκα
906 3706 930 3754 A

224 3791 276 3846 XX
294 3791 370 3846 Eud.
390 3810 416 3861 p.
432 3797 475 3847 84.
509 3791 548 3846 Cf.
568 3792 678 3860 Miiller,
697 3790 729 3843 fr.
748 3787 814 3846 hist.
833 3790 846 3841 I
865 3808 891 3859 p.
907 3790 1037 3858 XXXVI,
1055 3789 1152 3857 Frick,
1172 3790 1301 3860 Beitrpge

148 3893 172 3927 τ.
193 3870 324 3928 chronol,
344 3871 462 3941 (Hfixter
481 3876 575 3942 1880),
601 3872 648 3942 qui
666 3871 849 3941 γενεαλογίας
867 3870 1052 3925 &Platonico
1076 3870 1171 3939 aliquo
1195 3870 1301 3924 iuniore

148 3951 322 4021 οουιροεὶλεε
341 3945 401 4006 εἐεο
426 3951 548 4006 obtinuit
637 3959 670 4006 17
693 3946 794 4021 Κάβρα
819 3943 836 4018 ἢ
855 3945 974 4019 Σκάβρα
993 3949 1075 4019 Diog.
1095 3951 1120 4016 Ι,
1140 3957 1172 4004 41
1198 3953 1301 4019 (quode

148 4032 341 4088 coniecturam
364 4031 483 4100 protuliss
505 4031 605 4085 Miiller
627 4049 655 4100 p.
674 4029 824 4099 XXXVII).
863 4029 907 4083 Sic
931 4028 1103 4099 interpunxit
1127 4029 1230 4084 Mfiller
1254 4031 1300 4096 (cf.

148 4109 274 4180 Μάγνης
290 4106 346 4165 ἀπὸ
367 4106 574 4181 Μαινάνδρον).
610 4107 740 4181 Ἀργεῖος,
763 4104 821 4164 ἀπὸ
841 4107 987 4179 Κερκάδος
1006 4105 1113 4171 πόλεως
1131 4105 1217 4178 οῦσης
1235 4104 1299 4163 Αῦλ.

149 4195 232 4260 πλησ.
256 4193 329 4260 ναῖς.
357 4187 486 4253 Κεκάδος
509 4192 585 4246 Eud.
607 4187 752 4253 Κελκάδος
776 4191 924 4257 Υίίίοῖεονι,
947 4191 1051 4246 Anecd.
1075 4191 1101 4244 II
1123 4209 1150 4260 p.
1172 4195 1222 4244 163
1242 4190 1300 4244 σοι·

148 4271 249 4326 Patria
266 4271 400 4327 Boeotica
418 4274 447 4326 et
465 4272 569 4327 tabulis
587 4272 700 4327 aheneis
716 4270 873 4325 confirmari
892 4287 963 4338 quae
976 4289 1002 4325 v.
1018 4267 1167 4331 Ἑκαταῖος
1186 4269 1221 4322 de
1236 4270 1299 4324 sub·

150 4351 254 4406 diticia
271 4352 363 4422 operis
382 4352 476 4408 indole
494 4353 655 4421 Iraduntur,
674 4352 741 4405 licet
760 4351 835 4406 fraus
850 4350 967 4405 Platone
982 4348 1123 4418 antiquior
1137 4349 1185 4415 sit,
1205 4353 1300 4405 monet

152 4431 314 4486 Gutsehmid
