2910 5056
618 317 830 374 HESYOHIUS.
1230 320 1295 384 231

149 476 202 543 έπλ
233 480 301 544 τῶν
336 476 469 564 χρόνων
507 482 574 547 τῶν
612 475 710 564 έγγδς
739 478 900 566 Νέρωνος
936 478 990 545 καλ
1023 478 1216 566 παρέτεινεν
1250 485 1297 560 είς

148 583 292 672 μακρόν·
320 582 449 652 ὕπατον
477 589 563 671 γοῦν
587 588 742 672 Σεβηρον
769 583 829 653 τὸν
851 583 1022 673 Ἑρέννιον
1049 592 1297 673 χρηματίσαντα

149 687 251 769 αὐτὸς
274 686 365 757 εἶναί
385 709 501 777 φησιν,
526 689 607 759 ὅταν
628 682 708 776 ἦγεν
731 689 856 777 ὄγδοον
875 691 929 758 καλ
949 691 1197 780 ἑβδομηκοστὸν
1216 698 1297 782 ἔτος,

148 795 332 884 ὀλυμπιάδι
362 796 401 864 δέ
425 796 458 863 κ’
486 798 542 864 καλ
570 801 793 886 διακοσιοστῇ.
834 799 1014 886 γέγραπται
1044 799 1081 868 δὲ
1110 798 1199 893 αὐτῶ
1223 803 1298 890 περλ

147 904 293 992 κτήσεως
324 904 379 971 καλ
412 906 550 991 ἐκλογῆς
577 910 717 991 βιβλίων
746 910 859 991 βιβλία
888 908 946 991 ιβ’,
981 907 1056 994 περὶ
1083 870 1215 976 πόλεων
1242 909 1324 976 καλὸ

147 1009 208 1092 οὓς
229 1012 348 1098 ἑκάστη
368 1009 480 1080 αὐτῶν
500 1010 701 1094 ένδόξους”
680 1038 799 1099 ηνεγκε
822 1017 935 1098 βιβλία
957 1013 989 1080 λ’
992 1015 1160 1122 ,περὶ
1122 1043 1181 1102 της
1202 1020 1296 1102 βασι-

148 1124 238 1199 λείας
258 1117 452 1204 Ἀδριανοῦ,
475 1115 528 1252 ἐφ’
556 1145 596 1186 ου
583 1110 717 1186 Ηκαλ
697 1146 741 1205 ην
766 1116 783 1187 ὁ
811 1126 942 1208 Φίλων
965 1121 1020 1188 καλ
1044 1101 1137 1190 άλλα.

239 1223 343 1311 [ὅτι
328 1223 453 1304 άπατος
474 1227 612 1313 γέγονεν
638 1222 655 1292 ὁ
684 1229 797 1294 Φίλων
813 1174 980 1313 Ἐρέννλος
1002 1228 1297 1337 χρηματίσας,ῶς

150 1329 251 1413 αὐτός
275 1339 380 1420 φησι]

240 1439 406 1507 DOOOLI.
451 1445 585 1508 Φίλων
619 1437 785 1519 Ἰουδαιος
820 1411 949 1526 τεχθεὶς
987 1441 1024 1508 έν
1054 1438 1295 1533 Ἀλεξανδρεία,
1312 1465 1337 1505 10

150 1546 270 1632 γένους
294 1546 421 1633 ίερέων,
446 1543 680 1633 φιλοσοφήσας
699 1544 788 1613 δὲ
755 1574 794 1614 τα
808 1544 1029 1634 Ελλήνωνλ
999 1573 1045 1626 ες
1063 1549 1146 1634 μέγα
1164 1550 1295 1637 προύβη

150 1655 318 1737 παιδείας,
347 1652 391 1732 ῶς
417 1660 590 1739 μετελθεῖν
618 1656 730 1720 πᾶσαν
756 1650 933 1740 ἑλληνικην
956 1656 1148 1741 παίδευσιν,
1176 1656 1238 1742 την
1262 1684 1296 1725 τε

149 1763 217 1826 τῶν
246 1759 429 1845 ἐγκυκλίων
455 1759 673 1846 καλουμένων
700 1759 755 1826 καλ
783 1759 841 1840 τὰς
867 1758 985 1840 λοιπάς
1008 1760 1202 1849 ἐπιστήμας,
1233 1762 1297 1831 σὺν

149 1864 281 1953 ἀκριβεῖ
301 1866 502 1953 καταλήψει·
530 1864 714 1954 ε’πλοάτησέ
734 1893 768 1934 τε
792 1865 895 1953 λόγον
919 1866 1108 1954 παρόμοιον
1127 1867 1296 1956 Πλάτωνι,

151 1970 195 2053 ῶς
217 1974 274 2042 καλ
293 1978 340 2053 είς
357 1979 541 2061 παροιμίαν
558 1970 637 2062 παρ’
651 1971 789 2059 Ἕλλησι
808 1977 907 2041 τοῦτο
926 1978 1074 2061 χωρῆσαι
1095 1970 1130 2060 ἠ’
1150 1973 1295 2043 Πλάτων
1311 1997 1337 2037 ιι

151 2086 321 2168 φιλωνίζει
344 2077 364 2167 ἢ
392 2087 506 2149 Φίλων
528 2082 752 2162 πλατωνίζει’·
780 2079 925 2166 τοσαύτη
949 2081 1040 2148 ἐστὶν
1062 2077 1218 2167 ὁμοιότης
1239 2085 1298 2168 τῆς

148 2215 182 2258 τε
215 2193 369 2268 διανοίας
395 2189 450 2257 καλ
481 2187 635 2275 φράσεως
663 2191 723 2256 τοῦ
752 2184 876 2275 ἀνδρὸς
904 2185 987 2277 πρὸς
1013 2186 1190 2256 Πλάτωνα.
1241 2189 1297 2257 καλ

149 2301 268 2365 τοίνυν
301 2297 481 2385 γέγραπται
514 2290 602 2387 αὐτῷ
636 2299 749 2382 βιβλία
781 2292 915 2381 άπειρα,
949 2295 981 2376 ἐξ
1015 2285 1064 2363 ῶν
1096 2293 1151 2361 καλ
1180 2304 1297 2362 ταῦτα·

149 2403 224 2491 περὶ
248 2401 438 2490 συγχύσεως
461 2404 623 2487 γλωσσῶν
647 2404 780 2487 βιβλίον
805 2397 853 2485 α’,
876 2400 950 2486 περὶ
975 2398 1107 2484 φύσεως
1127 2400 1182 2468 καλ
1201 2399 1298 2489 εὑρη-

150 2535 251 2597 ματος
278 2509 325 2596 α’,
354 2509 429 2597 περλ
457 2501 504 2577 ῶν
532 2505 615 2575 κατά
645 2509 729 2574 νοῦν
757 2533 807 2586 τις
835 2504 963 2593 εὔχεται
992 2505 1034 2589 α’,
1063 2508 1138 2596 περὶ
1161 2509 1296 2576 παιδεό-
1312 2534 1339 2573 νο

151 2636 233 2696 σεως
260 2615 307 2703 α’,
341 2616 417 2713 περὶ
445 2613 658 2703 κληρονόμου
685 2615 753 2681 τῶν
781 2618 886 2682 θείων
914 2611 1117 2701 πραγμάτων
1146 2613 1190 2703 α’,
1222 2616 1296 2705 περὶ

152 2726 314 2810 μερισμοῦ
338 2730 421 2790 λ’σων
444 2721 500 2789 καλ
524 2722 686 2788 ἐναντίων
711 2718 756 2804 α’,
780 2720 855 2808 περὶ
878 2723 947 2787 τῶν
982 2723 1086 2806 τριῶν
1106 2721 1297 2808 δυνάμεων,

149 2832 223 2918 περὶ
256 2831 501 2914 ἐναλλαγεισῶν
536 2828 624 2914 παρά
655 2852 774 2911 τινων,
808 2827 883 2913 περλ
916 2829 1099 2912 συνθηκῶν
1128 2827 1223 2913 λόγοι
1251 2827 1297 2914 β’,

149 2938 223 3026 περὶ
254 2942 332 3022 βίου
360 2934 568 3024 φιλοσόφου,
604 2934 678 3021 περὶ
706 2935 873 3020 γιγάντων
904 2930 951 3018 α’,
982 2933 1058 3020 περὶ
1087 2929 1229 3023 ὀνείρων
1257 2934 1297 3017 ε’,

151 3045 226 3132 περὶ
256 3041 445 3131 ζητημάτων
473 3041 529 3109 καλ
559 3040 817 3128 ἑρμηνευμάτων
842 3043 900 3127 τῆς
928 3039 1048 3121 ἐξόδου
1074 3039 1114 3126 ε’,
1142 3041 1216 3126 περὶ
1239 3045 1337 3127 τηςεε

153 3154 277 3238 σκηνῆς
308 3151 363 3217 καὶ
396 3147 582 3235 δεκαλόγου
615 3147 659 3231 δ’,
696 3148 771 3235 περὶ
803 3150 952 3232 θυσιῶν,
983 3148 1058 3235 περὶ
1086 3144 1298 3234 ὑποσχέσεων

151 3256 227 3345 η’τοι
246 3259 411 3346 καταρῶν,
434 3256 508 3343 περὶ
527 3259 698 3343 προνοίας,
717 3254 790 3341 περὶ
809 3252 984 3322 Ἰουδαίων
1004 3252 1050 3340 α’,
1073 3254 1148 3338 περὶ
1166 3250 1298 3340 άγωγῆς

224 3523 236 3569 1
259 3517 295 3570 cf.
310 3514 409 3586 Νἱεεε,
429 3515 523 3585 steph.
539 3516 602 3583 Βγι.
617 3532 644 3583 p.
659 3519 692 3567 27
762 3519 777 3565 2
801 3508 923 3580 Μάριον
938 3512 1008 3567 coni.
1020 3511 1168 3581 λλῙιελεννι,
1187 3510 1298 3567 etiamsi

155 3597 240 3651 verba,
258 3598 334 3650 recte
353 3614 382 3651 εο
395 3595 513 3663 habent3
533 3594 681 3659 ολ.1λοιαλι,
700 3592 734 3647 de
750 3591 824 3646 Suid.
840 3610 867 3661 p.
883 3595 934 3645 438
953 3592 1011 3646 nob.
1026 3597 1061 3645 28
1080 3591 1143 3645 coll.
1158 3610 1184 3646 v.
1200 3586 1297 3660 Ἑρμο-

154 3673 249 3745 γένης;
273 3671 383 3730 ὕπατον
406 3707 440 3716 -
464 3677 572 3729 διακοο.
597 3692 650 3729 om.
669 3673 745 3729 Ειιολ.
844 3679 860 3726 3
884 3668 993 3725 εἰδέναι
1016 3673 1046 3725 et
1068 3689 1133 3726 mox
1157 3665 1203 3725 ὅτε
1227 3669 1297 3726 coni.

159 3755 295 3810 Westerm.
316 3749 403 3819 αὐτὸς
421 3759 486 3826 post
503 3750 573 3810 όταν
591 3754 672 3824 ponit
687 3755 792 3807 Μιλλλεν
851 3758 868 3805 4
888 3749 1056 3820 olympiadis
1075 3769 1222 3806 numerum
1242 3767 1298 3806 cor-

155 3838 266 3907 ruptum
286 3853 345 3890 οεεο
364 3837 457 3905 patet,
476 3853 524 3890 σιιε
529 3830 682 3901 Ὀλίιιίοιι,
702 3834 778 3888 Fast
793 3833 824 3886 R.
840 3849 864 3886 a.
880 3837 923 3900 47,
943 3830 991 3884 sed
1011 3831 1044 3885 of
1064 3831 1198 3886 Rohdel.
1218 3849 1241 3885 ο.

156 3912 203 3970 ὄλ
204 3912 388 3986 πιχράμματα
407 3910 546 3987 βιβλίάδ
562 3915 625 3970 αδδ.
641 3915 717 3968 Eud.
777 3913 891 3983 βιβλίων
910 3928 964 3965 om
979 3917 1002 3964 V
1056 3912 1126 3967 8de
1145 3913 1189 3965 his
1208 3909 1299 3966 verbis

157 3997 290 4093 corruptis
306 3996 340 4050 cf
354 3997 464 4052 Unters
479 4015 505 4066 p.
521 4002 564 4066 71,
583 3994 713 4050 Rohdel.
729 4010 751 4048 ο.
766 3994 823 4048 πολ.
839 3999 855 4046 3
875 3990 973 4060 γέγονε
992 3991 1024 4045 δὲ
1039 3985 1210 4053 ταλάντατος
1228 3986 1297 4059 παρ’

160 4071 247 4132 αότοῦ
266 4072 620 4145 Ειιιι.01.1.ιίιρέιιιις

224 4155 355 4211 DCOOLI
374 4156 487 4226 Εκιλςι
489 4161 570 4210 .7.21
599 4155 692 4209 Pauca
710 4152 828 4222 praebet
847 4153 966 4207 Pseudo
969 4153 1034 4206 Hes
1050 4169 1072 4205 c.
1089 4156 1130 4207 74.
1157 4152 1197 4206 cf
1213 4151 1298 4205 etiam

159 4226 367 4299 Sophroniase.
384 4234 429 4296 11,
449 4229 478 4282 et
491 4244 547 4296 qua
561 4225 618 4280 dixi
632 4226 701 4279 Mus.
717 4226 804 4279 Rhen.
820 4223 937 4278 XXXVI
925 4226 976 4293 Ip.
992 4229 1043 4276 627
1099 4230 1132 4277 14
1147 4219 1299 4286 Πλάτωνος

160 4306 231 4364 Eud.
288 4313 320 4362 19
340 4304 368 4360 α’
390 4325 443 4362 om.
458 4307 539 4376 Soph.
612 4311 646 4358 20
666 4299 811 4374 εὐχόμεθα
830 4303 878 4357 καλ
898 4297 1177 4372 άπομαρτυροόμεθα
1196 4301 1279 4370 βογλι.

159 4391 189 4440 21
204 4408 261 4442 των
276 4405 330 4442 om
346 4387 427 4457 Soph.
483 4394 517 4441 23
532 4405 650 4455 γραφων
663 4386 728 4453 post
743 4379 832 4437 ἐναλλ
848 4382 911 4437 add.
923 4382 1003 4450 Soph.
1058 4387 1093 4435 24
1109 4382 1297 4450 φιλοσοφιιιοῦ

159 4464 237 4538 βνγλι.
252 4467 317 4537 περὶ
330 4468 380 4521 τοῦ
392 4463 456 4529 τοὺς
467 4462 594 4536 ὀνείρους
604 4485 681 4535 παρα
671 4460 764 4519 θεοῦ
778 4461 943 4534 πέμπεσθαι
953 4462 1035 4530 βομλι.
1073 4467 1107 4517 27
1118 4482 1136 4516 α
1142 4460 1298 4532 '0m.Soph.
