2880 5054
616 302 830 358 HESYCHIUS.
1233 302 1296 364 113

145 459 255 529 αῦτοῦ
279 459 338 546 ιβ’,
359 464 394 528 ot
416 459 452 527 δὲ
475 460 518 544 λ’,
543 459 638 528 άλλοι
663 461 700 528 δὲ
723 461 760 547 μ’
784 468 897 549 φασίν.
935 453 1048 545 [οὗτος
1072 466 1195 549 ἔγραφε
1219 464 1293 547 περί

144 567 323 655 μετεώρων
345 569 399 634 καί
425 570 612 661 συνθέτους
636 568 769 654 λόγους·
796 564 837 636 δν
860 574 986 649 παίζων
1007 565 1249 654 Ἀριστοφάνης
1273 565 1290 635 ὁ

142 672 291 761 κωμικὸς
319 672 429 742 ’Λοίόν
457 695 550 761 φησι.
599 666 698 754 οὗτος
725 680 916 766 τραγῳδίαν
944 674 1084 762 νικήσας
1108 672 1293 762 Ἀθήνησιν

144 781 272 871 ἑκάστῳ
298 784 366 849 τῶν
388 778 579 868 Ἀθηναίων
604 786 707 850 ε”δωκε
731 791 817 850 Χίον
840 781 1037 869 Κεράμων]

235 887 337 972 [Ἴων
360 893 547 979 τραγῳδίας
568 891 716 976 ποιητής,
740 896 821 968 Χίος
843 887 880 956 νδ
905 891 1025 975 γένος]
1309 909 1322 948 5

236 1014 430 1082 OOCOXXI.
466 1009 652 1100 Ἰάσηιτος
674 1013 838 1093 Ἰουδαῖος
861 1012 1067 1101 [φιλαλήθης
1091 1013 1196 1100 λέγων
1219 1015 1295 1102 περὶ

144 1124 205 1187 τοῦ
234 1118 442 1207 Προδρόμου
473 1120 529 1187 καί
556 1121 630 1205 περί
663 1126 724 1189 τοῦ
755 1126 876 1208 κυρίου
907 1119 1004 1207 ήμων
1037 1120 1092 1188 καί
1124 1124 1209 1188 θεοῦ
1239 1121 1294 1188 καί

146 1231 298 1315 σωτήρος
314 1224 426 1312 Ἰησοῦ
445 1229 624 1314 Χριστοῦ],
644 1234 806 1296 Ματθίου
825 1242 911 1312 ταῖς,
931 1229 1045 1315 ίερέως
1063 1229 1096 1308 ἐξ
1110 1225 1295 1317 Ἱεροσολύ-

147 1361 237 1420 μων,
268 1331 286 1401 ὁ
311 1332 443 1420 γράψας
465 1335 527 1421 τήν
548 1333 737 1422 Ἰουδαίκήν
762 1333 1002 1421 ἀρχαιολογίαν
1026 1338 1062 1403 ἐν
1086 1340 1231 1422 βιβλίοις
1252 1334 1295 1402 κ’.

236 1459 452 1527 GOOGXXII.
474 1458 635 1546 Κάδμος
649 1465 853 1546 Πανδίονος,
872 1459 1040 1547 Μιλήσιος
1059 1459 1236 1546 ίστορικός,
1256 1456 1294 1538 δς
1310 1481 1336 1520 ¹0

146 1570 277 1651 πρῶτος
303 1567 387 1633 κατά
413 1593 506 1646 τινας
535 1565 735 1654 συγγραφήν
765 1571 888 1656 ἔγραφε
911 1566 1159 1654 καταλογάδην,
1189 1570 1293 1657 μικρῷ

120 1683 124 1687 ’
145 1673 308 1761 νεώτερος
327 1670 480 1759 Ὀρφέως.
518 1674 674 1754 συνέταξε
700 1673 737 1742 δὲ
759 1679 868 1742 κτίσιν
890 1673 1046 1761 Μιλήτου
1065 1674 1120 1742 καί
1138 1678 1196 1761 τής
1216 1671 1294 1760 ὅλης

144 1776 273 1859 Ἰωνίας
297 1783 333 1848 ἐν
357 1785 501 1865 βιβλίοις
524 1781 566 1850 δ’.

237 1883 302 1970 [ὅτι
331 1883 391 1952 τδν
414 1884 558 1974 Κάδμον
586 1888 669 1973 φασί
699 1891 832 1975 πρῶτον
857 1890 889 1968 ές
911 1885 973 1975 τήν
993 1885 1136 1957 Ἑλλάδα
1159 1893 1294 1975 κομίσαι

146 1992 184 2062 τά
208 1991 401 2082 γράμματα,
425 1991 508 2079 άπερ
531 1981 657 2082 spolior
683 1999 838 2074 Φοίνικες
861 1997 1030 2082 ἐφεῦρον]
1308 2011 1334 2051 1⁵

235 2117 468 2185 OOOOXXHI.
504 2120 689 2205 Κάδμος
709 2115 888 2205 Ἀρχελάου
911 2120 1094 2208 Μιλήσιος,
1126 2121 1295 2209 ἱστορικὸς

147 2224 316 2311 νεώτερος.
362 2223 450 2305 τινὲς
479 2223 517 2293 δὲ
545 2226 601 2294 καί
625 2234 776 2295 Λυκῖνον
800 2226 944 2314 Κάδμον
975 2227 1184 2316 ἀνέγραψαν·
1215 2236 1296 2305 ίσως

325 2389 360 2397 -u

220 2500 233 2547 1
255 2493 342 2548 verba
356 2481 440 2555 οῦτος
454 2524 486 2532 -
502 2489 603 2562 λόγους
616 2491 686 2547 mire
702 2509 735 2546 ex
749 2494 833 2549 schol.
849 2494 933 2550 Arist.
949 2496 1012 2551 Pac.
1028 2500 1089 2562 820,
1104 2495 1180 2562 quod
1195 2493 1295 2548 Suidas

148 2571 296 2642 descripsit
314 2591 339 2627 v.
360 2569 701 2646 διθυραμβοδιδάσκαλοι,
727 2575 859 2642 corrupta
878 2590 936 2629 esse
957 2574 1028 2629 vidit
1046 2575 1176 2644 Βασίνης
1196 2574 1294 2627 codem

147 2670 178 2708 ex
193 2653 302 2708 scholio
315 2651 454 2707 fluxerunt
468 2647 501 2707 δν
517 2685 550 2693 -
565 2672 642 2723 φησι.
676 2652 805 2709 Ceterum
825 2654 931 2709 futtilia
949 2655 1050 2709 Suidae
1069 2655 1228 2709 commenta
1247 2671 1294 2708 ex-

147 2735 246 2804 punxit
261 2735 409 2801 Wecterm.,
427 2733 476 2805 qui
494 2735 595 2789 horum
613 2735 676 2788 loco
696 2733 823 2789 scholion
837 2734 883 2789 Ar.
900 2734 1057 2804 adscripsit.
1087 2735 1144 2789 Sub
1158 2735 1203 2788 fin.
1219 2735 1294 2788 vitae

147 2817 208 2870 add.
224 2821 247 2868 Δ
267 2805 350 2878 οῦτος
363 2816 523 2886 τραγῳδίαν
538 2846 571 2854 --
586 2811 723 2884 κεράμιον
729 2868 737 2894 ,
756 2832 827 2884 quae
847 2831 880 2868 ex
898 2815 993 2884 glossa
1009 2810 1157 2883 ’Λθήναιος
1174 2815 1212 2868 ab
1233 2813 1294 2882 ipso

147 2895 233 2950 Suida
251 2894 384 2950 adiuncta
408 2911 468 2948 esse
491 2895 577 2962 patet.
615 2893 713 2949 Altera
735 2912 807 2964 quae
826 2894 952 2965 sequitur
971 2895 1044 2950 Ionis
1063 2895 1122 2949 vita
1141 2897 1190 2949 aut
1208 2896 1296 2963 Hesy-

148 2973 239 3034 chiani
259 2974 372 3028 articuli
389 2973 540 3028 frustulum
564 2976 608 3028 est
631 2976 680 3027 aut
702 2992 734 3029 ex
753 2976 834 3029 Phot.
854 2977 907 3029 lex.
926 2993 952 3032 v.
967 2971 1030 3030 Ἴων
1048 2975 1078 3030 in
1095 2979 1172 3027 ARV
1191 2975 1296 3030 adscri-

147 3058 240 3123 ptum,
260 3055 289 3108 id
309 3055 384 3122 quod
402 3072 475 3109 nunc
493 3055 564 3109 mihi
582 3055 673 3124 magis
692 3053 797 3110 arridet

217 3141 374 3199 ccccxxi
397 3142 605 3213 Hesychianam
620 3159 679 3197 esse
692 3143 836 3214 perspexit
855 3143 941 3199 etiarn
954 3145 1050 3213 Dauo,
1070 3144 1148 3199 stud.
1164 3164 1191 3214 p.
1203 3150 1228 3212 5,
1248 3144 1295 3212 qui

148 3226 246 3279 merito
265 3225 352 3279 verba
372 3220 532 3293 φιλαλήθης
551 3245 585 3264 -·-
604 3224 726 3289 Χριστοῦ
745 3224 865 3279 removit
938 3230 953 3278 7
972 3223 1049 3293 prius
1067 3224 1117 3278 τοῦ
1139 3240 1192 3277 om.
1205 3228 1228 3274 V

147 3310 162 3358 8
181 3305 339 3359 Μαιθοιίου
358 3306 430 3373 υιιίγ.
448 3304 584 3359 Ματθίου
600 3308 650 3356 AV
705 3309 720 3357 9
741 3303 872 3372 Sequitur
890 3303 921 3356 in
940 3302 1042 3357 Suidae
1060 3304 1150 3359 lexico
1170 3304 1294 3358 ciusdem

147 3385 260 3456 Iosephi
279 3384 339 3440 vita
357 3386 392 3440 ab
406 3384 695 3453 accusatorio
715 3401 738 3446 c,
759 3390 792 3438 13
812 3384 953 3452 descripta

217 3473 385 3531 CCCCXXII
402 3474 478 3530 Eud.
497 3493 524 3544 p.
543 3479 604 3529 437.
643 3472 682 3526 Cf.
702 3472 803 3527 Miiller
823 3475 848 3528 ll
867 3492 893 3544 p.
915 3478 929 3524 1
1013 3478 1044 3526 12
1062 3467 1185 3541 Ὀρφέως
1204 3473 1233 3526 in
1251 3474 1295 3527 la-

147 3573 217 3610 cuna
236 3572 290 3609 om.
311 3559 342 3608 Δ.
374 3554 435 3609 Ηοο
458 3554 494 3608 ad
514 3555 679 3608 Thebanum
703 3554 829 3623 spectare
850 3555 936 3622 negat
957 3551 1130 3621 (interimit,
1154 3553 1294 3624 Orpheum

146 3652 293 3706 perperam
317 3652 366 3704 pro
384 3633 551 3705 Pherecydc
574 3633 714 3688 nominari
737 3636 823 3688 ratus.
862 3630 954 3685 Simili
979 3631 1048 3687 vitio
1072 3631 1183 3687 laborat
1208 3633 1295 3688 schol.

147 3715 226 3773 Dion.
243 3716 343 3771 Thrac.
364 3715 438 3783 apud
453 3713 599 3769 Villoison.
615 3714 718 3769 Anecd.
734 3713 760 3766 ΙΙ
774 3732 801 3782 p.
814 3717 864 3766 187
939 3716 971 3765 14
990 3712 1084 3767 Verba
1102 3708 1146 3767 ὅτι
1160 3744 1195 3754 -
1212 3710 1295 3782 ἐφεῦ-

147 3817 195 3864 ρον
214 3795 281 3850 libri
300 3798 423 3850 errantes
442 3793 576 3850 historico
592 3795 777 3864 subiungunt,
797 3809 967 3861 quamquam
986 3793 1213 3848 adinventorem
1231 3792 1295 3847 lite-

146 3893 240 3930 rarum
258 3877 400 3946 spectant3
424 3875 524 3929 merito
548 3877 719 3945 transposuit
736 3873 848 3927 Βιίιίιιν.
883 3874 988 3927 Eadem
1011 3875 1144 3943 leguntur
1166 3891 1191 3927 v.
1211 3874 1296 3934 Λίνος

147 3957 175 4010 et
190 3950 353 4024 Φερεκύδης
366 3951 479 4024 Σῦριος.
510 3953 549 4008 Cf.
565 3953 691 4024 Olinton,
711 3955 773 4010 fast.
788 3971 815 4023 p.
833 3956 884 4007 380
899 3952 945 4008 Kr.
1003 3959 1035 4008 15
1055 3947 1128 4021 άπερ
1142 3973 1186 4020 πρ.
1203 3957 1294 4007 οω.Δ

217 4042 400 4102 ccccxxffl
418 4044 493 4100 Eud.
509 4063 537 4114 p.
551 4050 614 4112 437,
632 4062 703 4115 quae
722 4042 823 4111 incipit
842 4041 890 4096 καὶ
912 4041 1007 4111 ἕτερος
1025 4047 1058 4099 Κ.
1076 4039 1141 4113 Ἀρχ.
1161 4047 1227 4096 Μιλ.
1246 4041 1295 4096 καί

146 4120 233 4188 αὐτὸς
251 4122 302 4184 ίστ.
321 4120 466 4194 νεάτερος.
504 4123 544 4180 Of.
564 4125 676 4194 Rohde,
696 4124 743 4179 Gr.
762 4123 871 4177 Roman
890 4142 915 4192 p.
936 4130 987 4178 347
998 4140 1054 4191 seq.
1119 4129 1150 4176 17
1170 4123 1294 4176 Λυκίνου

146 4205 328 4273 Bernhardy,
347 4203 394 4272 qui
412 4210 480 4258 Λυκ.
495 4200 615 4273 Κάδμον
633 4203 700 4258 νέον
718 4207 765 4260 vel
783 4202 922 4272 νεώτερον
936 4199 1104 4273 ἀνέγραψαν
1119 4202 1199 4268 coni,
1220 4201 1295 4269 quod

146 4284 275 4340 laudavit
292 4283 457 4352 Volkmann,
484 4281 596 4348 Quaest.
616 4300 678 4340 nov.
698 4303 725 4354 p.
745 4284 784 4337 IX
802 4285 860 4337 not.
881 4288 914 4337 14
933 4286 1050 4352 excepta
1075 4298 1142 4337 voce
1164 4279 1231 4335 νέον
1250 4282 1296 4334 vel

146 4361 299 4434 νεάτερον;
319 4359 425 4418 Λάκιον
443 4363 582 4417 Κκοίοναε
600 4366 777 4419 Καλακτῖνον
792 4364 832 4418 M.
848 4363 971 4418 Schmidt
989 4366 1121 4417 λυκκῐνον
1141 4367 1163 4413 V
1182 4364 1296 4415 λνκίνον

146 4446 195 4500 rel.
216 4445 267 4500 καί
284 4449 409 4499 Λυκῖνον
427 4443 478 4498 καί
495 4439 619 4522 ’ΚάδμονΙ
633 4445 710 4501 Καί.
730 4445 850 4501 alterum
869 4443 917 4498 καί
936 4443 1023 4498 etiam
1042 4448 1100 4498 Ale.
1120 4442 1207 4497 habet

199 4546 353 4594 uteremur,
367 4542 401 4586 ed.
415 4542 496 4583 Flmh.
1066 4538 1082 4589 8
