2910 5056
234 304 322 360 LXIV
664 304 947 361 PROLEGOMENA.

236 490 384 533 manasse
403 468 432 532 ei
448 469 648 550 videbantur,
667 468 686 533 i.
702 491 727 533 e.
746 491 785 533 ex
800 467 992 553 Sophronio²
1011 466 1239 555 quodJsaapius
1254 471 1289 534 in
1309 470 1385 534 vitis

234 597 273 639 ex
296 575 485 661 Damasum,
509 575 654 658 Laertio,
678 575 876 641 Philostrato
906 575 945 640 al.
972 575 1141 659 descriptis
1166 598 1239 640 eum
1269 576 1385 640 fecisse

233 704 331 766 supra
363 682 464 747 docui.
520 680 618 747 Cuius
657 683 827 746 articulum
862 682 941 746 adeo
981 682 1191 767 neglegenter
1229 684 1384 767 compita-

233 789 288 872 vit,
312 793 349 853 ut
372 788 471 853 verba
500 792 657 872 extrema,
681 793 762 873 quae
787 788 872 872 apud
896 786 1384 873 Hieronymum-sophronium

232 898 359 959 tantum
388 895 429 959 ad
463 917 561 978 opera
593 895 627 960 in
650 894 787 978 Moysen
816 898 965 979 spectant
990 893 1089 977 (είσλν
1119 883 1198 976 οὖν,
1232 889 1276 970 ὡς
1304 916 1385 980 προ·

232 1004 368 1084 είιιομεν
398 1001 543 1082 [ubinam
572 998 687 1066 Suidas
716 1000 822 1066 dixit?
854 1023 930 1066 nam
958 1003 1071 1085 βιβλία
1105 997 1224 1083 άπειρα
1252 1004 1383 1065 tantum

233 1107 370 1188 dixerat]
400 1115 567 1193 περιφανῆ
589 1104 644 1171 καὶ
672 1100 845 1193 ἀνάριθμα
865 1102 1079 1192 συντάγματα
1098 1139 1140 1161 =
1163 1113 1271 1173 ικίακί
1291 1108 1386 1174 buirus

229 1215 393 1296 μναεαίανα
415 1220 445 1279 εί
470 1215 701 1280 innumerabile
723 1236 816 1296 opera
838 1216 873 1280 ιἰι
895 1217 1029 1297 quiaque
1052 1216 1144 1280 libros
1166 1215 1319 1300 moysa),
1344 1216 1384 1282 ad

232 1342 344 1385 omnes
378 1322 549 1386 rettulerit.
595 1321 687 1385 Unde
721 1321 819 1385 aliam
846 1322 948 1386 vitam
977 1345 996 1386 a
1025 1320 1124 1387 Suida
1151 1321 1385 1387 additamentis

232 1432 361 1492 auctam
384 1449 455 1492 csse
479 1428 661 1511 suspiceris,
683 1450 787 1512 neque
812 1428 970 1494 absonum
989 1427 1096 1511 fuerit,
1119 1429 1147 1493 si
1169 1429 1223 1493 hic
1242 1451 1382 1514 quoque,

232 1535 504 1619 quemadmodum
528 1535 562 1599 in
585 1535 737 1599 trecentis
762 1535 849 1617 aliis,
873 1534 975 1600 vitam
998 1534 1239 1620 Hesychianam
1264 1533 1385 1601 Suidae

230 1646 360 1725 praesto
380 1642 479 1706 fuisse
502 1640 717 1725 opinabimur.
758 1640 957 1724 Hesychium
981 1644 1090 1706 autem
1113 1665 1178 1706 non
1201 1663 1301 1706 unam
1326 1640 1383 1707 So-

154 1746 159 1754 '
230 1748 360 1831 phronii
390 1749 492 1814 vitam
522 1748 729 1831 descripsisse
761 1749 817 1813 sed
846 1771 884 1812 ex
917 1769 1006 1813 more
1035 1749 1134 1814 solito
1163 1748 1243 1812 duos
1272 1748 1384 1814 fontes

231 1856 327 1920 simul
346 1855 542 1939 adhibuisse,
560 1855 649 1920 hisce
667 1855 867 1940 argumentis
883 1858 1018 1920 constat.
1049 1853 1219 1920 Primum
1239 1851 1383 1940 Sophro·
1424 1859 1437 1877 ‘

230 1963 302 2026 nius
326 1959 374 2049 (et
387 1959 534 2048 Hieron.)
554 1962 710 2027 librorum
729 1962 878 2026 tabulam
894 1983 913 2024 a
931 1962 1173 2026 commentariis
1192 1961 1226 2025 in
1244 1960 1384 2045 Moysen

229 2068 378 2148 incohat,
401 2071 435 2134 in
454 2089 534 2153 quos
554 2067 762 2151 Hesychiana
786 2068 854 2133 vita
873 2067 999 2134 desinit
1036 2067 1182 2132 Deinde
1206 2067 1283 2131 libri
1307 2066 1384 2153 περὶ

230 2175 404 2252 Μωυσέως
418 2178 497 2259 βίου
512 2178 545 2240 et
559 2176 605 2251 είς
619 2170 658 2238 τά
668 2176 830 2258 χερονβίμ
844 2173 931 2257 apud
942 2169 1161 2257 Sophronium
1172 2172 1220 2260 (et
1230 2171 1382 2261 Hieron.)

230 2282 362 2347 omnino
387 2282 621 2364 desiderantur,
647 2303 706 2346 nec
724 2281 887 2345 fluxerunt
911 2302 949 2344 ex
968 2279 1086 2345 Euseb.
1102 2280 1187 2345 Hist.
1202 2281 1278 2345 cccl.
1294 2305 1326 2367 p.
1342 2283 1385 2346 62

230 2411 295 2474 seq.
315 2388 461 2474 Schweg.
498 2388 671 2453 Tertium
697 2388 796 2452 verba
820 2391 964 2452 extrema
988 2386 1162 2472 Sophronii
1186 2380 1206 2471 ἢ
1232 2385 1384 2453 Πλάτων

228 2499 399 2579 φιλωνίζει
427 2489 447 2581 ἢ
474 2497 589 2561 Φίλων
617 2497 812 2573 πλατωυίζει
840 2517 878 2559 ex
907 2516 995 2558 more
1024 2516 1082 2559 suo
1110 2494 1143 2558 in
1173 2495 1268 2559 initio
1295 2497 1383 2560 vitae

228 2602 411 2688 Hesychius
436 2604 554 2687 posuit.
600 2602 789 2679 Quartum
813 2602 918 2686 prima
941 2601 1027 2665 vitae
1050 2599 1280 2685 Hesychianae
1305 2625 1383 2687 pars

227 2706 461 2794 φιλοσοφήσας
485 2706 522 2774 δὲ
541 2747 576 2756 -
595 2704 753 2773 Πλάτωνι
777 2730 842 2773 non
867 2713 956 2775 extat
980 2708 1065 2792 apud
1089 2707 1311 2790 Sophronium
1336 2709 1384 2794 (et

227 2816 339 2901 Hier).
386 2815 454 2881 Nec
481 2837 559 2880 vero
590 2819 625 2878 in
653 2813 785 2898 reliquis
810 2815 895 2880 vitae
923 2815 1070 2899 partibus
1099 2838 1172 2887 cum
1203 2813 1384 2900 Sophronii

227 2926 318 2987 textu
341 2943 475 3006 prorsus
496 2916 704 3006 conspirare
742 2919 901 2986 Adhibuit
924 2922 1026 3007 igitur
1043 2920 1228 3005 Hesychius
1250 2929 1385 3006 praeter

192 3010 194 3015 ¹
228 3027 402 3113 Sophronii
420 3027 557 3093 indicem
573 3027 672 3091 etiam
692 3027 838 3112 alterum,
858 3029 896 3093 de
917 3051 981 3114 quo
1001 3029 1087 3093 infra
1105 3051 1209 3113 pauca
1228 3033 1384 3098 monebo.

300 3243 325 3306 1)
344 3238 406 3293 Nisi
424 3239 454 3293 in
473 3238 636 3308 Hieronymi
655 3237 716 3293 vita
734 3239 774 3295 sic
792 3239 886 3309 potius
905 3239 1160 3309 interpungendum
1180 3242 1234 3295 est:
1263 3240 1380 3297 Eataut

226 3317 309 3373 buius
323 3320 473 3388 praeclara
491 3324 515 3374 ct
533 3320 749 3373 innumerabilia
768 3335 863 3388 opera:
882 3320 914 3373 ι’νι
931 3321 1051 3389 quinque
1069 3321 1153 3374 libros
1172 3321 1269 3390 Moysi
1287 3338 1350 3391 seq.

298 3403 324 3467 2)
344 3398 421 3453 Snid.
441 3399 505 3467 περὶ
524 3393 584 3466 erio.
599 3392 629 3451 α’
647 3397 732 3468 Soph.
751 3399 815 3466 περὶ
835 3394 893 3466 erip.
915 3399 960 3468 (cf.
980 3402 1087 3469 supra),
1107 3399 1184 3454 Snid.
1201 3419 1244 3462 τις
1262 3396 1382 3471 εὔχεται

228 3477 311 3548 Soph.
332 3474 478 3548 εὐχόμεθα
496 3477 544 3532 καὶ
559 3473 854 3547 άαομαρτυροάμεθα,
874 3479 949 3534 suid.
965 3479 1101 3547 περὶτῶν
1115 3479 1201 3548 τριῶν
1215 3477 1380 3552 δυνάμεων,

227 3557 311 3626 Soph.
326 3559 391 3628 περὶ
405 3579 445 3628 τρ.
460 3561 531 3628 δυν,
546 3557 623 3613 said.
638 3557 703 3625 περὶ
718 3554 937 3628 ἕναλλαγεισῶν,
954 3559 1039 3628 Soph.
1055 3557 1119 3626 περὶ
1139 3554 1230 3615 ἕναλλ.
1246 3563 1379 3631 γραφῶν,

226 3637 302 3701 Snid.
327 3639 391 3709 βίον
418 3634 589 3707 φιλοσόφου,
616 3638 699 3707 Soph.
727 3641 789 3710 βίον
817 3639 1019 3708 φιλοσοφικοῦ,
1048 3638 1125 3692 Snid.
1153 3637 1217 3705 περὶ
1246 3634 1379 3711 ὀνείρων,

227 3716 313 3787 Soph.
332 3719 465 3787 περὶτοῦ
484 3715 550 3782 τοὺς
573 3713 701 3787 ὀνείρους
723 3716 800 3785 παρὰ
824 3720 897 3773 θεοῦ
922 3720 1099 3789 πέμπεσθαι,
1124 3717 1201 3773 Snid.
1220 3719 1286 3789 περὶ
1309 3717 1378 3776 ’Iov-

226 3799 315 3851 δαίων
329 3793 371 3865 α’,
386 3799 470 3868 Soph.
485 3798 551 3865 περὶ
562 3795 707 3852 Ἰουδαίων
723 3798 768 3866 (cf.
779 3801 880 3867 supra),
896 3797 972 3854 Snid.
982 3796 1133 3868 περιέχειν,
1148 3798 1234 3868 Soph.
1247 3791 1292 3853 ὅτι
1308 3798 1377 3869 ἔχει,

227 3877 304 3934 Suid.
322 3878 379 3932 τῶν
397 3879 577 3948 χριοτιανῶν,
596 3878 680 3948 Soph.
701 3879 756 3933 τῶν
774 3873 918 3948 ἡμετέρων
938 3881 1020 3948 (quae
1034 3879 1155 3934 mutatio
1174 3895 1241 3933 sane
1256 3878 1378 3951 insignis

226 3959 292 4027 est),
315 3958 352 4012 ad
374 3959 449 4027 quod
472 3958 644 4029 Sophronius
669 3959 732 4014 add.
756 3957 820 4024 περὶ
843 3951 877 4012 οὗ
901 3954 1062 4027 ἔμπροσθεν
1086 3959 1217 4029 εἴπομεν,
1246 3958 1377 4014 τουτέστι

224 4037 281 4092 τῶν
299 4032 463 4093 άποστόλων
482 4041 529 4108 (se.
545 4056 568 4095 c.
583 4043 600 4092 8
619 4032 691 4092 ὅθεν
709 4036 758 4091 καὶ
773 4038 864 4091 Φίλων
884 4032 899 4092 ὃ
919 4039 976 4091 τάν
993 4033 1138 4091 Ἰουδαίων
1154 4033 1379 4108 ἐλλογιμώτατος

225 4113 299 4188 ὁράν
319 4113 349 4173 ἒν
366 4113 559 4190 Ἀλεξανδρείᾳ
577 4113 691 4187 πράιην
710 4112 859 4186 ἐκκλησίαν
875 4116 915 4173 ἔτι
927 4113 1135 4184 Ἰουδαίζουσαν
1150 4117 1254 4172 oravet
1270 4117 1313 4181 είς
1329 4118 1377 4176 ἔπ-

224 4218 306 4253 αινον
329 4199 378 4254 τοτ’
404 4197 510 4254 οίκείον
535 4198 639 4259 ἔθνους
658 4198 753 4268 βίβλον
771 4200 836 4268 περὶ
855 4199 903 4268 τῆς
921 4195 1029 4253 τούτων
1052 4199 1218 4267 συναγωγῆς
1236 4200 1376 4272 συνεγρά-

223 4281 325 4348 duro),
346 4277 421 4333 said.
441 4277 505 4347 περὶ
520 4280 583 4349 βίον
596 4276 788 4347 θεωρητικοῦ,
807 4280 871 4348 περὶ
886 4276 1000 4347 ίκετάν,
1020 4278 1104 4348 Soph.
1125 4277 1189 4345 περὶ
1205 4281 1270 4351 βίον
1284 4284 1375 4353 θεωρ.

225 4355 325 4413 ίκετῶν
340 4359 450 4424 (Euseb.
468 4377 494 4428 p.
511 4365 544 4413 63
560 4357 686 4428 Schweg.
701 4362 787 4428 θεωρ.
806 4353 824 4429 ἢ
845 4358 969 4427 insuda),
988 4358 1088 4426 quibus
1107 4357 1192 4427 Soph.
1209 4359 1292 4415 addit
1309 4383 1378 4418 τον-

225 4436 330 4508 τὲστιν,
349 4432 393 4492 ὅτι
412 4434 446 4491 τά
467 4435 623 4508 ἐπουράνιοι
643 4433 801 4504 ἀτενίζουσι
820 4439 869 4494 καλ
887 4435 933 4496 aiei
952 4434 1086 4507 εὔχονται
1104 4438 1142 4511 τῷ
1160 4440 1242 4512 θυμέ
