2910 5056
206 309 271 364 XIV
344 334 348 347 ·
638 308 922 365 PROLEGOMENA.

123 477 143 551 ἓ
161 474 183 537 4
295 469 358 537 Sed
380 475 511 555 praeter
534 473 791 557 epitomatorem,
813 473 869 559 qui
893 472 1023 538 saeculo
1042 472 1180 556 septimo
1198 470 1360 554 Hesychii

207 601 288 664 opus
312 585 345 644 in
369 579 498 644 brevius
523 581 640 665 coegit,
664 580 746 645 alius
765 581 923 662 lacunam,
946 600 1043 663 quam
1062 578 1095 642 in
1115 578 1359 664 Onomatologo

206 687 298 751 hiare
317 687 487 769 intellexit,
506 686 707 770 supplevisse
726 686 863 768 videtur,
882 686 994 751 stilum
1008 683 1249 768 Hesychianum
1270 685 1358 750 haud

206 793 408 878 ineleganter
431 792 588 857 imitatus.
631 792 703 858 Huc
726 793 830 857 refero
855 793 940 857 vitas
963 790 1079 856 Basilii
1104 791 1358 877 Irenopolensis,

207 901 346 965 fortasse
361 899 534 985 Hippolyti
553 900 697 983 episcopi
713 898 809 984 (quae
823 922 902 964 num
916 900 1126 985 neglegenter
1142 921 1180 963 ex
1195 897 1357 984 Sophron.

207 1029 234 1072 e.
249 1008 289 1072 61
315 1010 465 1091 excerpta
489 1007 544 1091 sit,
573 1006 706 1071 dubium
715 1003 750 1091 ¹),
774 1004 905 1071 loannis
925 1003 1164 1087 Chrysostomi,
1187 1006 1277 1070 cuius
1301 1006 1358 1070 iui-

206 1115 290 1178 tium
319 1117 444 1178 tantum
474 1114 573 1178 etiam
596 1111 754 1196 Sophron.
779 1134 805 1176 c.
831 1112 892 1176 129
922 1112 1056 1197 legitur,
1084 1111 1214 1178 loannis
1237 1111 1357 1176 Dama·

207 1221 309 1303 sesni,
333 1242 371 1284 ex
400 1243 464 1304 qua
486 1221 581 1285 fluxit
604 1217 741 1286 Cosmus
763 1217 1053 1303 Hierosolymitani
1077 1217 1132 1306 (cf.
1151 1218 1234 1283 Mus.
1252 1218 1358 1283 Rhen.

206 1326 330 1392 XXXV
360 1350 391 1412 p.
425 1328 488 1392 227
527 1324 623 1414 not),
661 1325 824 1411 Triphylii
861 1326 1017 1410 episcopi,
1054 1325 1186 1390 Traiani
1222 1325 1358 1390 Patricii

208 1433 249 1519 (e.
274 1457 302 1501 a.
323 1431 417 1521 670),
444 1433 567 1518 Ignatii
589 1431 741 1515 Diaconi,
769 1454 863 1515 quem
888 1455 913 1498 c.
937 1456 966 1497 a.
985 1432 1050 1497 850
1073 1433 1191 1497 vixisse
1215 1436 1359 1515 constat3

208 1542 325 1606 omitto
345 1541 431 1604 enim
451 1541 534 1604 vitas
554 1562 593 1604 ex
612 1540 652 1604 iis
669 1539 881 1622 scriptoribus
896 1538 1131 1623 ecclesiasticis,
1149 1540 1360 1623 potissimum

210 1647 403 1733 Sophroni0,
427 1647 616 1732 descriptas,
640 1646 757 1732 quibus
781 1645 913 1711 suidam
936 1669 1029 1711 usum
1054 1668 1123 1711 esse
1147 1666 1241 1711 nemo
1265 1647 1361 1730 igno-

208 1759 260 1820 rat
289 1754 393 1840 (velut
416 1754 532 1820 Basilii
555 1754 719 1838 Ancyrani
743 1750 809 1839 al).
860 1752 931 1829 Qua
958 1754 997 1819 de
1027 1777 1139 1838 causa,
1166 1755 1361 1839 praesertim

209 1884 280 1927 cum
300 1860 411 1926 Photii
429 1861 636 1946 patriarchae
656 1857 872 1946 (827-891)
896 1860 964 1926 vita
984 1861 1107 1926 omissa
1129 1862 1182 1946 sit,
1203 1863 1362 1946 compila-

208 1974 312 2034 torem
349 1970 448 2034 istum
488 1968 578 2033 brevi
611 1971 686 2052 post
718 1966 883 2052 Ignatium
917 1968 1035 2033 vixisse
1068 1968 1249 2053 suspicatus
1288 1991 1361 2034 sum

210 2077 292 2142 Mus.
307 2075 409 2141 Rhen.
427 2076 447 2139 1.
462 2098 488 2140 c.
525 2074 634 2159 Atque
653 2075 727 2139 illas
746 2075 841 2158 vitas,
859 2096 932 2139 oum
952 2098 1086 2159 prorsus
1107 2075 1214 2140 desint
1231 2076 1266 2140 in
1280 2075 1360 2141 Vio-

209 2183 308 2266 lari0,
335 2204 402 2247 non
419 2183 505 2267 vipsa
533 2182 566 2245 in
599 2185 738 2266 epitome
770 2182 919 2247 extitisse
952 2186 1076 2247 eertum
1105 2187 1169 2264 est,
1202 2183 1257 2248 sed
1286 2187 1361 2247 tan-

211 2313 308 2375 quam
327 2290 368 2354 ad
387 2290 506 2355 calcem
527 2290 685 2373 epitomes
703 2290 755 2354 vel
773 2289 807 2352 in
826 2288 1044 2356 additamento
1065 2290 1244 2374 adscriptas
1258 2290 1364 2354 fuisse

189 2401 303 2482 putu,
326 2397 409 2462 unde
437 2397 472 2462 in
497 2420 590 2462 suum
613 2397 737 2465 lexicon
762 2396 941 2480 desumpsit
959 2394 1083 2462 Suidas.
1120 2395 1230 2461 Unum
1250 2402 1361 2462 autem

209 2508 326 2590 restat,
358 2505 443 2591 quod
475 2505 508 2569 in
541 2504 602 2569 hac
635 2525 670 2567 re
698 2501 893 2568 monendum
920 2503 1054 2569 videtur.
1104 2502 1245 2569 Praebet
1273 2505 1381 2568 enim·

210 2635 294 2678 unus
322 2613 391 2678 cod.
413 2611 634 2676 Bruxellensis
664 2607 718 2697 (E)
749 2613 825 2693 post
852 2607 968 2674 Basilii
995 2608 1228 2694 irenopolitani
1255 2611 1360 2675 vitam

212 2722 349 2785 alteram
382 2717 581 2785 Seleucensis
614 2718 804 2804 (Βασίλειος
839 2716 949 2799 ἕτερος
984 2719 1195 2799 Σελευκείας,
1229 2714 1361 2801 ἑταῖρος

213 2828 287 2908 [τοῦ
311 2827 381 2891 add.
404 2826 486 2907 cod]
510 2822 767 2910 Χρυσοσιόμου,
795 2818 879 2907 πρὸς
902 2817 944 2888 ὃν
968 2820 1004 2888 ἐν
1027 2833 1096 2900 τοῖς
1122 2820 1198 2905 περὶ
1222 2820 1358 2907 ἱερωσύ-

211 2957 273 3016 νης
296 2928 410 3015 λόγοις
430 2930 564 3015 [λόγους
587 2931 668 3012 cod]
695 2924 907 3015 διαλέγεται),
930 2929 1070 3015 primum
1095 2929 1300 3016 aDausquio
1323 2923 1358 2996 in

212 3041 300 3106 notis
328 3039 369 3104 ad
396 3037 556 3103 Basiliam
585 3034 706 3102 Selene.
734 3060 764 3122 p.
779 3037 843 3101 317
873 3039 906 3100 et
934 3033 1070 3101 Schotto
1099 3037 1133 3100 in
1161 3037 1254 3103 Phot.
1279 3038 1357 3103 bibl.

213 3148 281 3214 cod.
302 3146 364 3211 168
387 3167 418 3229 p.
436 3145 501 3210 378
525 3145 693 3229 vulgatam
720 3166 779 3208 nec
808 3166 827 3208 a
850 3143 1014 3207 Pearsono
1036 3144 1235 3228 neglectam,
1261 3167 1357 3230 quam

212 3275 315 3338 neque
342 3250 498 3336 Hesychii
526 3273 629 3335 neque
658 3250 881 3335 epitomatoris
904 3250 956 3314 vel
980 3251 1121 3315 asseclae
1143 3251 1279 3316 alicuius
1300 3273 1358 3315 nec

213 3360 350 3445 denique
382 3359 484 3444 ipsius
514 3357 629 3423 Suidae
662 3358 804 3423 indolem
835 3380 913 3443 prae
947 3379 980 3422 se
1010 3358 1094 3422 ferre
1122 3359 1157 3423 in
1186 3359 1357 3424 manifesto

213 3471 271 3532 est.
295 3465 478 3550 Adscripsit
491 3465 593 3550 igitur
611 3464 703 3529 illam
723 3487 761 3529 ex
785 3487 843 3530 suo
863 3464 995 3549 ingenio
1015 3465 1168 3530 librarius
1189 3465 1305 3550 aliquis
1324 3466 1358 3529 in

212 3573 352 3638 historia
379 3571 597 3638 ecclesiastica
626 3573 707 3636 bene
730 3576 891 3655 versatus,
919 3572 1005 3656 quod
1029 3572 1138 3637 nescio
1163 3595 1204 3636 an
1229 3574 1357 3657 saepius

213 3680 248 3744 in
270 3679 392 3745 nostris
417 3677 533 3743 Suidae
557 3679 795 3762 exemplaribus
819 3677 942 3743 factum
966 3679 1016 3745 sit.

288 3878 313 3943 1)
332 3874 429 3930 Potius
448 3889 481 3928 ex
495 3873 585 3929 altero
599 3872 677 3928 fonte
690 3871 783 3940 fluxit,
801 3872 850 3941 qni
865 3871 991 3928 diversus
1005 3875 1049 3928 est
1062 3874 1099 3929 ab
1113 3872 1228 3928 Eusebii
1242 3873 1360 3929 historia

214 3953 411 4010 ecclesiastice.
437 3954 510 4009 Nam
529 3953 629 4009 titulus
648 3950 689 4014 εἰς
706 3949 758 4014 τὰς
771 3947 884 4020 ὁράσεις
900 3953 950 4008 τοῦ
966 3951 1075 4023 Δανιὴλ
1093 3950 1247 4024 ὑπόμνημα
1266 3956 1359 4024 negle-

213 4035 326 4103 gentius
350 4028 505 4103 exscriptus
526 4033 638 4088 videtur
660 4049 710 4101 pro
734 4030 775 4095 εἰς
797 4029 863 4095 τοὺς
881 4028 923 4101 ὁρ.
944 4039 1015 4088 Aac.
1035 4033 1084 4089 καὶ
1105 4034 1155 4089 τοῦ
1176 4039 1359 4109 Ναβουχοδο-

213 4109 308 4181 νόσαρ.
347 4112 388 4168 cf.
406 4112 545 4182 Lagarde,
569 4111 712 4181 Hippolyt
733 4111 814 4180 Oper.
834 4131 861 4182 p.
881 4120 913 4167 51
935 4115 1022 4184 (Lips.
1044 4116 1133 4183 1858).
1153 4145 1185 4153 —
1206 4116 1247 4168 De
1266 4117 1359 4170 aetate

214 4193 370 4264 Hippolyti,
385 4193 432 4263 qui
446 4194 560 4248 ineunte
575 4193 688 4246 sacculo
705 4190 789 4247 tertio
803 4191 882 4262 vixit,
902 4192 936 4246 cf.
952 4192 1056 4263 Funck,
1071 4194 1167 4248 Thecl.
1184 4195 1358 4261 Quartalsch.

217 4278 250 4325 63
270 4273 362 4343 (1881)
380 4292 407 4343 p.
422 4279 474 4327 452
489 4291 545 4344 seq.
