2880 5054
502 314 505 319 ·
610 287 825 346 HESYGHIUS.
1247 289 1289 353 99

141 453 191 531 είς
224 450 443 537 Ξενοφῶντα,
476 454 524 529 είς
556 446 764 537 Ἰσοκράτην,
800 454 847 531 είς
876 451 1120 540 Δημοσθένην,
1159 451 1289 539 βητορι·

141 557 204 638 κάς
226 555 405 637 ὑποθέσεις
426 557 481 624 καὶ
506 556 669 644 ζητήματα
692 559 767 647 περὶ
787 557 972 640 συντάξεως
995 558 1100 646 λόγου
1123 560 1179 628 καὶ
1206 558 1291 628 άλλα

142 671 292 732 πλείονα.

234 772 429 840 OOOLXIX.
471 773 591 839 (δέων
621 768 638 839 ὁ
669 767 851 860 Οὐαλέριος
878 772 1098 860 χρηματίσας,
1122 772 1291 860 σοφιστής.

142 876 327 966 ὑπόμνημα
350 882 398 958 είς
418 875 625 964 Ἀνδοκίδην.
735 862 750 919 .'
1306 901 1318 942 ε

235 987 412 1054 CCCLXX.
447 987 556 1054 Θέων
579 990 776 1071 Γυμνασίου
800 989 860 1063 τοῦ
884 989 1047 1072 σοφιστοῦ
1070 1000 1158 1072 παῖς,
1182 985 1292 1054 Σιδῶ-

143 1119 220 1171 νιος
238 1091 409 1179 σοφιστής,
428 1092 525 1180 <καί>
539 1089 603 1159 άπὸ
620 1089 757 1160 ὑπάτων
771 1093 827 1160 καὶ
842 1090 1000 1181 ύπαρχος,
1015 1092 1197 1172 παιδεύσας
1210 1092 1293 1161 κατὰ

144 1196 209 1285 τὴν
235 1202 393 1287 πατρίδα,
417 1198 599 1286 γενόμενος
618 1198 655 1267 δὲ
678 1200 731 1267 ἐπὶ
754 1202 814 1267 τοῦ
838 1203 999 1285 βασιλέως
1019 1206 1291 1268 Κωνσταντίνου.

238 1306 434 1375 OGOLXXI.
471 1306 579 1373 Θέων
603 1305 765 1392 σοφιστὴς
786 1305 898 1392 λόγων
921 1308 1119 1394 ῥητορικῶν,
1144 1304 1292 1392 γεγονῶς

144 1409 212 1480 άπὸ
236 1417 295 1499 της
317 1416 407 1502 ίεράς
430 1414 629 1501 Μαρκέλλης
652 1412 690 1480 τό
714 1439 751 1498 γε
773 1411 952 1498 ἀνέκαθεν,
976 1411 1013 1480 τὸ
1034 1413 1071 1479 δὲ
1089 1414 1122 1493 έξ
1140 1410 1293 1499 ὑπογύου
1308 1437 1333 1476 10

144 1521 318 1608 πατρόθεν
343 1515 409 1588 άπὸ
430 1515 614 1603 Ἐκδικίον,
646 1518 852 1587 διδασκάλου
874 1520 930 1588 καὶ
953 1518 1076 1587 τούτου
1099 1519 1214 1605 τέχνης
1237 1521 1293 1608 ῥη-

144 1628 292 1711 τορικῆς.
330 1617 390 1711 [ἦν
410 1625 447 1692 δὲ
466 1615 600 1705 οὗτοςὸ
625 1625 719 1692 Θέων
744 1623 785 1693 ού
808 1625 896 1713 μάλα
920 1623 1079 1713 ἀγχίνους
1103 1624 1183 1693 οὐδὲ
1207 1623 1294 1712 ὀξύς,

146 1730 342 1819 φιλομαθὴς
369 1733 406 1801 δὲ
433 1733 489 1800 καὶ
515 1730 700 1819 φιλόπονος
723 1737 769 1812 είς
791 1729 992 1820 ὑπερβολήν.
1038 1731 1141 1800 ταῦτά
1164 1760 1216 1801 τοι
1240 1732 1295 1799 καὶ

149 1837 299 1923 ἐγεγόνει
316 1840 609 1927 πολυμαθέστατος
624 1840 660 1906 ἐν
676 1835 778 1937 ὀλίγην
793 1837 915 1929 χρόνῳ,
935 1839 1063 1926 πολλὴν
1077 1839 1138 1926 μὲν
1153 1836 1295 1928 ἀρχαίαν

146 1947 315 2033 ἱστορίαν,
339 1945 468 2032 πολλὴν
491 1945 528 2013 δὲ
551 1947 633 2014 νέαν
655 1943 960 2033 περιβαλλόμενος]
1309 1969 1334 2009 ιε

239 2051 450 2120 GOOLXXH.
494 2054 762 2138 Θηραμένης
787 2048 965 2138 Ἀθηναῖος
989 2051 1114 2140 ῥήτωρ,
1145 2050 1297 2140 μαθητὴς

149 2160 327 2246 Προδίκου
357 2162 418 2226 τοῦ
447 2163 569 2243 Κείου,
602 2154 640 2237 ὃς
668 2160 854 2227 ἐπεκαλεῖτο
884 2158 1073 2247 Κόθορνος.
1124 2158 1296 2249 <άνηρέθη

149 2264 189 2351 δέ
214 2263 505 2353 κατηγορήσαντος
528 2261 633 2332 αὐτοῦ
656 2271 798 2353 Κριτίου
821 2266 873 2334 ἐπὶ
897 2269 965 2335 τῶν
987 2269 1038 2354 λ>.
1083 2269 1218 2355 μελέτας
1241 2270 1298 2356 ῥη-

141 2370 286 2461 τορικάς
307 2371 363 2439 καὶ
385 2369 470 2439 άλλα
492 2370 577 2439 τινά.

98 2562 99 2567 ¹
239 2479 467 2546 CCCLXXIII.
517 2479 749 2566 Θηραμένης
785 2486 886 2560 Κεῖος
927 2481 1097 2568 σοφιστής.
1151 2484 1297 2568 μελετῶν
1311 2505 1337 2544 το

151 2590 265 2672 βιβλία
284 2583 330 2670 γ’,
353 2585 427 2672 περὶ
452 2583 640 2671 δμοιῶσεως
663 2583 782 2671 λόγον,
806 2588 881 2672 περὶ
905 2586 1062 2674 είκόνων,
1090 2587 1164 2675 ἤτοι
1192 2612 1295 2675 παρα·

150 2696 279 2779 βολῶν,
303 2692 378 2777 περὶ
397 2690 583 2780 σχημάτων.

221 2912 376 2968 OCCLXIX
397 2911 472 2969 Eoo.
491 2913 510 2969 l.
531 2931 567 2980 o,
591 2929 662 2983 quse
680 2913 782 2983 incipit
804 2915 853 2970 καὶ
877 2914 973 2987 ἕτερος
991 2934 1055 2986 ooo.
1074 2934 1194 2986 pergens
1213 2917 1296 2986 φέρε-

151 3016 197 3050 ται
215 2989 306 3049 αύτοῦ
374 2999 390 3047 3
409 2997 525 3048 πλεῖστα
539 2994 625 3048 Βανά
697 3000 714 3048 4
733 2993 870 3064 Χαλέριος
888 3001 911 3048 V

221 3073 364 3129 eccm
387 3073 462 3129 Eoo.
486 3074 504 3129 l.
525 3092 562 3145 ο.,
586 3092 657 3144 quae
679 3075 781 3144 incipit
804 3072 862 3130 ἔστι
885 3075 934 3130 καὶ
957 3071 1040 3139 άλλος
1064 3079 1141 3145 Σιδ,
1165 3071 1299 3145 σοφιστὴς

149 3156 197 3212 καὶ
216 3152 317 3224 αύτός,
343 3158 431 3224 Γνμν.
449 3175 472 3208 τ.
492 3172 516 3210 o.
535 3162 616 3222 παῖς,
639 3156 717 3212 παιδ.
739 3151 812 3210 κατά
835 3152 888 3225 τὴν
911 3159 1033 3227 πατρίδα
1052 3160 1158 3211 Κωνστ.
1183 3156 1298 3224 reliquis

151 3235 260 3292 omissis
316 3242 332 3291 5
351 3236 403 3291 Th.
419 3235 499 3290 Aelio
514 3236 593 3291 dedit
609 3237 687 3292 Giese
742 3242 757 3290 '1
771 3238 836 3306 post
850 3234 984 3306 σοφιστής
997 3236 1102 3292 inserui
1117 3235 1211 3303 verba,
1226 3251 1298 3302 quae

151 3336 171 3373 s.
190 3318 237 3372 fin.
256 3315 324 3371 libri
342 3314 487 3386 exhibent,
509 3334 615 3372 morem
633 3316 840 3387 Hesychienum
859 3318 984 3386 secutus,
1008 3316 1057 3370 καί
1074 3315 1175 3370 merito
1195 3332 1297 3385 expun-

150 3416 219 3469 gens
239 3397 285 3467 (of.
304 3416 330 3452 v.
352 3399 471 3470 Τριβαν.
491 3395 610 3468 Σέργιος
629 3398 677 3467 al.)
750 3401 766 3450 8
786 3391 842 3449 ὑπὸ
861 3397 911 3450 τού
931 3401 1032 3449 Am

223 3475 379 3534 CCCLXXI
396 3476 544 3535 Eud.l.o.
599 3475 683 3532 9καὶ
701 3472 783 3538 άλλος
800 3481 857 3546 λογ.
877 3475 936 3547 βητ.
957 3495 1020 3546 σοφ,
1040 3476 1117 3530 Εκδ.
1178 3482 1210 3531 10
1230 3471 1298 3530 ὑπο-

151 3559 231 3627 γείου
245 3558 318 3627 υκίγ.
333 3557 409 3612 Eoo.
424 3553 567 3627 Αἰγύπτου
581 3564 621 3611 V'
660 3562 692 3611 11
708 3552 850 3611 Ῥαδικίου
864 3558 939 3612 Eud.
977 3557 1026 3610 καί
1040 3553 1141 3610 τούτου
1156 3587 1190 3596 -
1205 3554 1297 3628 ῥητορ.

153 3655 206 3693 om.
228 3637 304 3694 Eud.
328 3655 447 3708 pergens
466 3635 572 3708 ἔγραψε
592 3639 693 3707 τέχνην
712 3635 785 3708 βητ,
808 3631 870 3706 άρχ.
889 3634 972 3706 ίστορ.
992 3635 1041 3693 καὶ
1059 3633 1129 3691 άλλα
1150 3635 1228 3708 τινά,
1251 3638 1299 3693 καὶ

153 3713 235 3782 οὗτος
256 3720 331 3788 ναλγ.
350 3738 374 3774 κ.
399 3715 499 3773 τούτου
518 3724 627 3774 ΔΜ.
666 3719 742 3784 Quos
766 3719 866 3773 seclusi
888 3719 952 3774 add.
977 3717 1076 3772 Suidos
1100 3735 1133 3773 ex
1151 3719 1299 3774 Damosoio

154 3799 237 3855 Phot.
256 3817 284 3869 p.
304 3804 356 3852 339
1018 3841 1019 3844 .

224 3876 394 3933 ΟΟΟΙιΧΧΙΙ
413 3879 489 3934 Eud.
508 3897 535 3949 p.
551 3885 602 3935 373
677 3885 708 3933 18
729 3877 845 3949 μελέτας
864 3895 881 3932 a
898 3878 1053 3934 iunioribus
1071 3879 1203 3947 sophistis
1221 3880 1299 3934 fictas

155 3960 250 4014 censet
267 3957 412 4013 Βαλνκίιεκ.
435 3959 501 4014 hist.
521 3976 559 4015 or.
579 3957 625 4014 Gr.
643 3977 670 4028 p.
689 3957 759 4015 XLI.
796 3959 890 4014 Verbo
912 3956 1042 4031 ἀνῃρέθη
1066 3957 1097 4013 δὲ
1122 3977 1178 4028 seq.
1204 3976 1237 4013 ex
1259 3959 1299 4012 in·

154 4040 287 4108 sequente
310 4037 406 4109 glossa
427 4039 544 4107 inserui,
568 4055 639 4108 quae
663 4038 766 4109 legitur
789 4039 875 4094 etiam
893 4039 975 4094 Phot.
1001 4041 1053 4094 lex.
1077 4056 1103 4093 v.
1124 4037 1298 4107 Θηραμένης.

156 4111 236 4183 οὗτος
254 4114 385 4190 άνηρίθη
400 4120 471 4189 plur.
483 4118 562 4176 oodd.
610 4126 642 4173 19
658 4115 721 4173 τινά
737 4137 790 4176 om.
802 4120 877 4176 Εαιί.
892 4120 988 4176 Vitam
1003 4135 1090 4188 usque
1105 4118 1141 4172 ad
1156 4114 1300 4189 κόθορνος

154 4201 271 4270 praebet
288 4201 375 4255 etiem
393 4201 480 4256 schol.
499 4200 613 4255 Luoien.
633 4203 726 4256 Amor.
748 4207 781 4255 50

226 4278 410 4336 CCCLXXIII
428 4281 504 4337 Eud.
522 4300 550 4352 p.
563 4289 615 4337 374
631 4282 742 4336 constat
756 4296 812 4335 non
826 4281 860 4336 de
875 4281 982 4336 duobus
997 4279 1155 4334 rhetoribus
1175 4277 1231 4348 ogi,
1250 4279 1300 4332 sed

156 4364 263 4418 denno
336 4367 371 4416 20
388 4364 474 4426 Κεῖος
492 4364 527 4419 eb
547 4362 742 4434 Aristophanis
764 4361 840 4417 dioto
863 4362 1019 4432 profectum
1039 4360 1118 4429 (Καρ.
1138 4360 1299 4428 978-980)

157 4442 263 4516 ἔγραψε
282 4442 346 4499 add.
366 4442 442 4498 Euo.
809 4480 815 4491 .

1051 4528 1087 4584 Ιχ*
