2880 5054
570 294 784 350 HESYOHIUS.
1207 300 1250 363 85

101 455 221 537 ἔχοντα
251 453 533 539 προβαλλομένων
563 452 823 540 ζὴτὴμάτων,”
801 482 899 522 ατινα
927 458 1056 544 Λέσχας
1084 456 1248 544 ἐκάλεσεν,

100 562 149 637 εςί
167 555 299 645 Ρόμὴν
323 557 360 626 δέ
382 564 521 686 κομίσας
543 561 599 629 καί
622 565 683 628 τού
696 558 837 650 ’Ἁπερος
850 540 1060 650 καταφανεὶς
1078 566 1249 653 κατέμεινε

100 669 297 752 σχολαρχῶν
327 666 364 732 έυ
393 663 477 754 αότὴ
502 666 555 734 ἐπὶ
578 670 753 735 Κλαυδίου
775 667 831 735 καὶ
854 670 1023 757 Νέρωνος.
1065 676 1187 758 ἔγραψε
1211 672 1248 740 δε

99 773 156 840 καὶ
174 771 342 859 ποιὴματα
366 771 461 841 ἐπικά
484 773 600 842 πολλά.

204 880 386 948 ΟΟΟΧΧΙΙ.
419 877 671 968 Ἡράκλειτος
694 881 876 962 Βλόσωνος
898 880 919 970 ἡ
941 882 1129 972 Βάκτωρος,
1154 888 1189 953 οί
1210 885 1273 954 δὲε

94 982 293 1071 Ὡρακίνου,
318 983 484 1071 Ἐφέσιος,
514 986 703 1072 φιλόσοφος
730 988 886 1074 φυσικός,
917 985 955 1068 δς
981 990 1147 1078 ἐπεκλήθη
1172 1011 1247 1060 σκο-

98 1091 217 1172 τεινός.
255 1083 353 1172 οὗτος
375 1091 604 1181 ἐμαθήτευσευ
628 1088 743 1160 οόδευὶ
761 1097 829 1161 τόν
848 1094 1061 1182 φιλοσόφων,
1084 1096 1186 1183 φύσει
1210 1099 1247 1167 δέ

96 1199 164 1275 καὶ,
184 1201 351 1289 ἐπιμελείᾳ
374 1198 517 1286 ἡσκὴθη.
556 1191 652 1279 οὗτος
675 1196 892 1287 ὑδρωπιάσας
915 1198 977 1268 ούκ
1000 1204 1155 1272 ἐνεδίδου
1177 1219 1248 1286 τοῖς

98 1311 227 1393 ἰατροῖς
252 1297 335 1395 ἡπερ
360 1308 539 1393 ἐβούλοντο
567 1306 769 1392 θεραπεύειν
798 1304 917 1394 αὐτόν,
945 1305 1017 1376 ἀλλ’
1044 1307 1142 1391 αὐτὸς
1169 1318 1247 1398 βολ-

95 1419 180 1504 βίτφ
209 1418 325 1501 χρίσας
352 1412 433 1482 ὅλον
462 1413 582 1482 ἑαυτὸν
609 1421 700 1481 είάσε
728 1416 938 1501 ξηρανδὴναι
965 1418 1066 1484 τοῦτο
1094 1414 1160 1484 ὑπὸ
1184 1423 1245 1487 τοῦ
1261 1442 1285 1479 ¹0

93 1520 210 1607 ἡλίου,
243 1521 298 1589 καὶ
325 1526 480 1608 κείμενον
513 1519 618 1589 αὐτὸν
648 1519 747 1600 κύνες
774 1526 1025 1609 προσελθοῦσαι
1054 1524 1246 1593 διέσπασαν.

93 1632 131 1696 oi
162 1626 198 1695 δέ
232 1625 328 1719 άμμφ
361 1628 537 1715 χωσθέντα
569 1627 674 1714 φασὶν
707 1626 903 1697 ἀποθανεῖν.
953 1628 1041 1709 τινές
1073 1631 1110 1699 δὲ
1141 1629 1245 1700 αύτὸυ

95 1740 228 1821 ἔφασαν
248 1737 423 1802 διακοῦσαι
437 1731 656 1819 Ξενοφάνους
673 1734 729 1801 καὶ
738 1730 899 1801 Ἱππάσου
919 1739 979 1802 τοῦ
994 1743 1244 1826 Πυθαγορείου.

93 1833 139 1928 ἡν
170 1840 207 1908 δέ
230 1840 284 1909 ἐπὶ
306 1844 364 1927 τὴς
387 1839 439 1922 ξδ’
463 1837 684 1926 ὀλυμπιάδος,
716 1841 768 1908 ἐπὶ
793 1846 942 1928 Δαρείου
965 1845 1026 1909 τοῦ
1045 1839 1244 1929 Ὑστάσπου,

95 1948 152 2016 καί
177 1953 301 2035 έγραψε
323 1945 429 2017 πολλά
452 1950 640 2033 ποιητικός.
1258 1974 1283 2013 ιε

185 2057 388 2124 OOOXXIII.
410 2052 633 2143 Ἡρακλέων
649 2051 842 2140 Αίγόπτιος,
861 2052 925 2122 άπὸ
946 2053 1058 2142 κόμης
1076 2055 1244 2138 Τιλοίτεως

93 2161 199 2249 οὔσης
222 2159 287 2230 ὑπὸ
310 2165 351 2250 τῇ
369 2158 572 2248 Ἡρακλέους
594 2158 705 2244 πόλει,
728 2159 961 2247 γραμματικός.
1007 2164 1182 2231 ἐπαίδευσε
1206 2165 1243 2233 δὲ

93 2271 132 2336 έν
156 2266 274 2357 Ῥώμῃ.
319 2271 464 2355 ἔγραψεν
495 2262 676 2353 ὑπόμνημα
705 2270 752 2345 είς
770 2263 919 2354 Ὅμηρον
946 2266 1029 2335 κατά
1056 2271 1242 2360 βαψφδίαν,

91 2376 149 2443 καί
174 2381 221 2455 είς
243 2373 320 2454 τοὺς
346 2371 519 2462 λυρικοός,
546 2372 623 2457 περὶ
647 2376 715 2440 τῶν
738 2371 816 2458 παρ’
839 2371 968 2466 Ὁμὴρφ
993 2383 1242 2464 προστακτικῶν

166 2508 265 2550 ατων.
1256 2507 1283 2546 εο

95 2484 164 2570 W
185 2589 386 2662 CCCXXIV.
404 2586 571 2677 ’Ἠρινυα
589 2579 694 2674 Τὴνία
709 2583 729 2675 ἡ
746 2593 883 2674 Λεσβία,
903 2585 947 2668 ὡς
962 2589 999 2656 δὲ
1012 2587 1120 2675 άλλοι,
1139 2598 1242 2677 Τηλία

94 2698 220 2785 (Τὴλος
243 2696 283 2764 δέ
304 2698 372 2765 ε’στι
395 2699 550 2783 υὴσίδιου
570 2691 668 2781 ἐγγύς
687 2695 850 2783 Κνίδου),
873 2694 961 2774 τινές
981 2695 1018 2764 δέ
1036 2697 1091 2763 καὶ
1107 2693 1241 2767 Ῥοδίαν

164 2855 180 2903 2
200 2864 277 2903 error
295 2848 384 2904 latere
403 2846 523 2916 videtur,
543 2841 655 2913 άπερως
669 2850 744 2897 ΔΒΕ

165 2928 308 2984 cccxxii
328 2926 368 2982 cf.
387 2927 472 2982 schol.
491 2889 601 2980 Piston
617 2924 697 2994 VIp.
713 2930 764 2980 347
779 2927 872 2981 Herm
895 2927 969 2996 quod
988 2943 1130 2997 apponere
1149 2927 1241 2984 iuvat:

94 3006 269 3079 Ηράκλειτος
291 3004 457 3075 Βαθέωυος,
478 3000 620 3074 Ἐφεσιος,
647 3003 835 3076 μεγαλόφρων
858 3003 981 3076 γεγονώς
1006 3002 1095 3062 καὶ
1080 3003 1242 3078 υπερόπτης

91 3083 162 3185 παρ’
184 3085 324 3144 ὁντινοῦν.
357 3078 440 3149 οὗτος
458 3083 489 3140 τὸ
509 3105 559 3140 του
578 3080 658 3153 ἡλίου
679 3084 774 3155 ἔλεγεν
794 3082 868 3140 εἶναι
888 3087 990 3183 σχὴμα
1004 3088 1173 3156 σκαφοειδὲς
1192 3090 1241 3144 καί

91 3165 254 3237 ὑπόκυρτον
272 3166 321 3222 καὶ
343 3161 396 3236 τὴν
420 3164 546 3266 έκλειφιν
570 3160 658 3220 αύτου
681 3167 848 3238 συμβαίνειν
871 3164 943 3221 κατὰ
961 3164 1012 3238 τὴν
1035 3168 1085 3223 τοῦ
1106 3187 1240 3238 σκαφοει-

92 3250 162 3312 δοῦς
180 3244 318 3318 στροφήν,
340 3264 410 3301 ωστε
429 3241 461 3301 τὸ
481 3245 533 3317 μὲν
551 3240 685 3301 nomos*
666 3266 725 3300 ανω
745 3246 908 3317 γίγνεσθαι,
932 3244 963 3302 τὸ
989 3246 1020 3303 δέ
1040 3245 1143 3319 κυρτὸν
1162 3247 1238 3304 κάτω

89 3325 164 3398 πρὸς
181 3325 234 3384 τίν
252 3323 393 3399 ἡμετέραν
407 3321 486 3396 ὅφιν.
509 3321 578 3381 ἄλλά
594 3322 649 3396 μὴν
664 3324 712 3381 καὶ
727 3322 881 3396 Ξενοφάνη
901 3323 950 3381 τὸν
966 3325 1150 3396 Κολοφώνιον
1165 3349 1237 3384 κατα

91 3409 189 3481 σβέσιν
212 3403 264 3477 τὴν
286 3402 407 3477 ἡλιακὴν
432 3405 557 3475 ἔκλειψιν
580 3405 673 3475 λέγειν
696 3406 850 3475 γίγνεσθαί
873 3425 960 3474 φασιν
987 3406 1036 3462 καὶ
1060 3403 1145 3462 πάλιν
1168 3405 1239 3479 πρὸς

90 3497 154 3552 ταῖς
169 3484 320 3550 ἀνατολαῖς
333 3482 460 3557 άνίσγειν
474 3483 571 3543 αὐτόν.
600 3485 720 3541 Omnino
734 3487 805 3541 haee
819 3503 948 3541 manasse
962 3505 996 3542 ex
1009 3488 1150 3543 Plutarch.
1161 3490 1236 3547 Plac.

89 3570 163 3627 Phil.
183 3570 221 3637 Π,
241 3574 290 3638 22,
309 3575 325 3622 2
344 3569 373 3622 ei
392 3573 438 3636 24,
459 3575 490 3635 3,
509 3574 526 3623 4
543 3567 684 3638 persuasit
702 3568 854 3636 Methana,
878 3567 912 3620 de
932 3567 1018 3623 schol.
1037 3568 1146 3623 Pleion.
1166 3569 1237 3626 font.

89 3670 117 3720 p.
138 3656 173 3704 59
228 3655 244 3703 5
263 3643 410 3710 Βλόσωνος
429 3664 443 3702 e
462 3647 543 3718 Diog.
562 3648 614 3716 IX,
631 3654 645 3702 1
666 3665 736 3702 sorr.
755 3647 921 3719 Bernhardy
940 3648 988 3716 qui
1006 3651 1152 3718 praeterea
1166 3647 1238 3719 Βρό-

89 3749 181 3790 σωνος
203 3728 362 3798 proposuit,
385 3724 530 3790 Βλόσωνος
548 3728 614 3783 libri
632 3727 786 3790 Βαθέωνος
804 3729 886 3784 schol.
905 3728 1016 3784 Ρίαίοκ.
1054 3725 1197 3798 βάκτωρος
1215 3734 1238 3781 Δ

90 3804 252 3883 βλαότωρος
269 3813 316 3861 BE
335 3804 479 3879 βαύτωρος
497 3813 519 3860 V
538 3805 693 3880 βλεότωνος
711 3808 760 3863 rel.
838 3814 853 3862 6
869 3804 1049 3880 Ἡρακίοντος
1070 3811 1150 3880 Βίομ.
1171 3806 1237 3880 δρα-

89 3895 170 3951 κῖνος
187 3893 208 3940 Β
227 3883 361 3957 ἡρακῖνος
378 3894 402 3941 V
420 3885 554 3957 ἡρακῐυος
573 3907 657 3959 supra
676 3910 708 3945 ου
727 3889 859 3944 additos
879 3885 896 3958 ἡ
917 3891 947 3944 ei
965 3889 1066 3944 deinde
1086 3890 1177 3960 spatio
1196 3909 1237 3944 re·

88 3968 159 4022 licto
177 3972 201 4021 A
219 3967 338 4022 fortasse
358 3984 426 4023 corr.
443 3963 618 4038 Ἡρακῶντος
682 3976 715 4024 10
733 3971 771 4042 τῷ
790 3965 858 4038 ἡλίῳ
877 3974 929 4021 Av
998 3975 1031 4023 14
1050 3965 1089 4034 ξε’
1108 3974 1143 4037 Δ,
1163 3969 1237 4037 quod

89 4048 189 4103 laudet
209 4048 381 4116 Gertschmid,
400 4049 450 4103 sed
466 4049 499 4103 ef.
516 4047 630 4104 Clinton
643 4068 669 4117 p.
680 4049 766 4104 2lKr.
824 4053 857 4103 15
875 4049 1009 4103 nonnulle
1028 4048 1073 4101 hie
1093 4049 1156 4102 add.
1171 4048 1236 4102 Sui-

88 4132 141 4187 ιίαε
161 4147 195 4184 ex
211 4128 364 4198 Byzaniino
384 4130 519 4184 historico
539 4128 689 4199 desumpta
706 4129 752 4198 (cf.
772 4129 886 4185 Cedren.
906 4130 964 4199 ip.
984 4131 1048 4196 276)

163 4208 321 4265 cccxxlll
341 4210 380 4265 cf.
395 4229 421 4264 v.
437 4213 562 4280 Δίδυμος
576 4205 591 4263 ὁ
606 4204 748 4271 Κλαύδιος
804 4215 836 4265 16
859 4207 1014 4272 Τιλιότεως
1027 4213 1050 4260 V
1101 4213 1133 4262 17
1148 4227 1236 4279 γραμ-

88 4286 208 4362 ματικός
228 4297 323 4348 ωειλ
396 4298 429 4346 18
449 4285 480 4354 ὃς
499 4288 668 4347 ἐπαίδευσεν
688 4283 719 4342 ἐν
738 4289 840 4344 rectius
860 4291 981 4345 tentavii
998 4290 1165 4359 Bernhardy

163 4369 320 4426 cccxxlv
338 4370 435 4426 Vitam
453 4371 601 4441 descripsit
619 4370 746 4426 Eustath.
763 4368 800 4424 ad
813 4370 845 4424 Il.
861 4371 887 4423 ΙΙ
901 4389 927 4438 p.
944 4375 994 4424 326
1010 4384 1066 4436 seq.
1113 4375 1146 4422 21
1165 4368 1236 4423 Τεία

89 4451 234 4511 detortum
253 4465 319 4505 esse
333 4465 367 4505 ex
386 4453 475 4521 Τηλία
498 4451 653 4520 suspicatus
673 4450 716 4504 esi
733 4450 911 4519 Bernhardy,
936 4447 985 4502 sed
1003 4464 1036 4502 ex
1055 4446 1150 4517 Steph.
1169 4449 1234 4519 Byr.
