2880 5054
180 295 223 360 38
644 290 857 347 Haeremus.

180 461 302 543 ἔγραψε
320 462 467 540 πλείστα,
488 454 525 520 ἐν
544 447 594 532 οἷς
612 450 817 538 θαυμάζεται
837 450 878 520 τά
902 449 1028 542 είςγτὴν
1048 451 1242 541 ἕξαήμερον.
1272 455 1326 522 καὶ
1357 508 1359 513 .

56 571 60 577 ’
177 559 250 630 κατ’
276 559 450 648 Εὐνομίον
476 559 512 626 δὲ
537 559 723 645 ἐξαιρέτους
746 559 902 640 συνέταξε
925 557 1062 645 λόγους,
1090 561 1146 626 καὶ
1169 561 1246 647 περὶ
1269 565 1326 629 τοῦ

178 667 278 755 ἁγίου
301 667 488 754 πνεύματος
510 669 640 751 τεῦχος,
669 665 725 732 καὶ
748 664 806 746 τὰς
829 670 876 745 είς
898 664 960 752 τὴν
984 664 1168 754 ἑξαήμερον
1194 662 1328 753 ’ὁμιλίας

179 777 292 861 ἐννέα,
317 777 430 859 ἕτερον
452 776 567 860 τεῦχος
590 769 786 857 άσκητικόν,
808 772 883 858 περὶ
906 777 1092 860 παρθενίας
1113 770 1215 858 άλλο,
1241 777 1327 840 ἔπαι-

152 903 242 950 5νον
270 886 318 961 είς
344 879 424 959 τοὺς
450 879 482 966 μ’
511 870 695 966 μάρτυρας,
728 879 841 965 ἕτερον
872 883 920 958 είς
948 878 1111 966 Γόρδιον,
1144 876 1254 947 άλλον
1284 883 1329 959 είς

179 986 356 1076 Βαρλαάμ,
395 988 508 1072 ἕτερον
545 989 593 1064 είς
626 982 816 1052 Ἰουλίτταν.
871 988 918 1064 είς
955 984 1141 1071 διαφόρους
1177 984 1329 1073 ψαλμοὺς

179 1094 294 1182 ἠθικοὶ
321 1093 416 1180 λόγοι
447 1094 623 1177 διάφοροι,
650 1093 834 1176 ἐπιστολαί,
858 1082 907 1158 ὧν
931 1089 1032 1159 οὐδὲν
1056 1088 1216 1179 άμεινον,
1248 1090 1330 1179 πρός

178 1229 214 1271 τε
236 1202 297 1270 τὸν
318 1199 484 1287 σοφιστὴν
503 1198 670 1284 Λιβάνιον
688 1198 743 1266 καὶ
761 1196 846 1285 πρὸς
864 1195 924 1294 τόν
943 1202 1045 1285 φίλον
1064 1197 1259 1288 Γρηγόριον
1276 1198 1327 1267 καλ

1254 1303 1263 1328 t'

180 1314 227 1389 είς
245 1307 367 1387 άλλους
384 1310 549 1385 πλείονας.
581 1307 717 1392 τελευτᾷ
738 1303 775 1371 δὲ
793 1308 968 1382 Βασίλειος
987 1308 1178 1390 Γρατιανοῦ
1197 1303 1239 1373 τὰ
1263 1313 1313 1381 Pro

145 1437 169 1475 10
184 1421 292 1503 μαίων
316 1418 463 1501 σκῆπτρα
488 1413 669 1490 διέποντος.

269 1522 347 1589 CLI.
389 1516 603 1598 Βασιλικδς
630 1516 799 1604 σοφιστής.
831 1517 997 1603 περὶτῶν
1024 1516 1080 1588 διὰ
1109 1522 1179 1586 τῶν
1209 1521 1326 1600 λέξεων

181 1627 372 1715 σχημάτων,
401 1625 475 1712 περὶ
504 1626 680 1712 ῥητορικῆς
707 1627 917 1711 παρασκευῆς
943 1621 1019 1710 ἤτοι
1046 1625 1121 1712 περὶ
1151 1621 1328 1713 ἀσκήσεως,

180 1735 255 1822 περὶ
277 1729 523 1819 μεταποιήσεως
544 1730 600 1797 καὶ
623 1728 708 1798 άλλα
731 1727 817 1797 τινά.

269 1840 364 1907 hell.
408 1837 546 1905 Βάτων
569 1836 721 1923 κωμικός.
768 1834 919 1924 δράματα
943 1833 1048 1905 αὐτοῦ
1072 1839 1329 1924 Συνεξαπατάν,

144 1967 168 2009 15
178 1945 421 2034 Ἀνδροφόνος,
445 1942 638 2030 Εόεργέται.

270 2053 382 2120 CLIII.
422 2051 651 2138 Βημάργιος
674 2047 866 2135 Καισαρεὺς
893 2052 929 2117 έκ
953 2055 1210 2137 Καππαδοκίας,
1236 2071 1329 2140 σοφι-

181 2158 268 2244 στής.
301 2151 399 2236 οὗτος
422 2162 545 2243 έγραψε
563 2154 622 2235 τάς
646 2161 909 2223 Κωνσταντίνου
932 2159 1179 2243 τοῦβασιλέως
1197 2158 1327 2248 πράξεις

182 2268 219 2334 έν
243 2270 386 2350 βιβλίοις
409 2263 442 2349 ί,
465 2263 599 2351 μελέτας
621 2288 656 2329 τε
678 2262 734 2329 καὶ
758 2261 881 2348 λόγους
904 2252 1100 2352 διαφόρους.

214 2390 221 2403 ·
271 2373 380 2440 CLIV.
421 2374 598 2457 Βροῦτος
622 2367 805 2456 στρατηγός
821 2366 1003 2456 Ῥωμαίων.
1039 2376 1185 2459 ἔγραψεν
1205 2374 1329 2442 έπιστο-

141 2498 167 2538 20
181 2476 241 2557 λάς
258 2478 312 2544 καὶ
326 2481 394 2545 τῶν
408 2481 584 2562 Πολυβίου
597 2479 659 2543 τοῦ
675 2478 845 2563 ἱστορικοῦ
859 2481 987 2561 βίβλων
1001 2478 1171 2566 ἐπιτομήν.
1199 2479 1330 2569 θαυμά-

182 2590 267 2665 ζεται
292 2583 329 2651 δὲ
352 2588 399 2664 είς
421 2583 483 2670 τὴν
506 2587 574 2651 τῶν
599 2584 782 2649 ἐπιστολῶν
805 2584 901 2650 ίδέαν
923 2583 1030 2671 ἤγουν
1053 2590 1256 2675 χαρακτῆρα.

271 2693 364 2759 CLV.
409 2694 543 2770 Βῶλος
571 2693 812 2775 Δημοκρίτειος
848 2689 1045 2777 φιλόσοφος.
1082 2693 1238 2781 ἱστορίαν
1273 2695 1328 2763 καλ

183 2829 396 2838 ...ι---ι

182 2935 218 2946 -
236 2903 285 2959 καλ
304 2899 367 2958 κατ’
384 2935 413 2943 -
434 2902 568 2970 συνέταξε
588 2934 621 2942 -
642 2901 682 2965 είς
701 2903 781 2969 διαφ.
803 2934 833 2941 -
854 2897 954 2970 ἠθικοὶ
973 2901 1053 2975 λόγοι
1133 2915 1150 2963 3
1170 2914 1229 2981 neq.
1248 2912 1332 2968 habat

183 2984 371 3053 Hieronymus
442 2989 458 3039 5
478 2979 616 3052 μεγάλους
637 3002 715 3053 μαρτ.
733 2987 756 3033 V
829 2988 845 3038 8
864 2983 893 3037 in
909 2985 1010 3040 Suidao
1029 2986 1108 3042 libris
1122 2990 1253 3060 eequItur
1269 3010 1331 3048 nar-

182 3062 255 3117 ratio
275 3079 309 3117 ex
321 3062 512 3134 Philostorgio
527 3063 675 3132 desumpta
689 3066 718 3117 et
732 3081 766 3118 ex
784 3082 809 3118 v.
827 3058 1014 3134 Ἀπολινάριος
1027 3067 1131 3123 iterata
1185 3076 1203 3125 9
1223 3072 1332 3129 brevior

181 3145 380 3214 Hieronymus:
404 3143 522 3199 moritur
540 3144 695 3213 imperante
715 3142 849 3199 Gratiano
931 3152 964 3200 10
988 3148 1122 3202 nonnulla
1141 3150 1207 3205 add.
1232 3152 1330 3207 διόδου

183 3239 217 3276 ex
235 3224 291 3279 atio
311 3225 390 3279 fonte
409 3224 510 3278 hausta

255 3304 313 3358 CLI
331 3304 407 3358 Eud.
427 3322 452 3374 p.
474 3309 524 3357 159
600 3309 632 3357 12
651 3304 700 3357 καλ
719 3307 783 3373 περὶ
802 3301 892 3360 ἄλλων
911 3307 1020 3361 πολλῶν
1040 3303 1197 3377 ῥητορικῶν
1216 3310 1293 3367 Eud.

254 3384 326 3439 CLII
344 3385 420 3439 Euri.
435 3403 462 3453 p.
479 3388 539 3441 159.
563 3382 604 3438 cf.
621 3383 720 3438 Suidas
739 3404 764 3439 v.
780 3383 900 3440 Πλάτων
919 3383 1049 3457 κωμικός.
1074 3387 1192 3443 Tractat
1208 3391 1333 3447 Mainake

183 3465 241 3532 lp.
261 3469 313 3519 480
387 3459 540 3534 IIBoirrov
558 3469 608 3516 AV
633 3461 747 3519 Βάττων
771 3465 819 3520 rel.
845 3465 910 3521 libri
928 3467 1004 3523 Eud.
1024 3468 1099 3536 quod
1116 3467 1253 3525 viciosum
1272 3486 1330 3527 ease

184 3544 282 3599 docuit
300 3546 439 3611 Μινυεία
459 3562 528 3599 corr.
547 3544 685 3599 Karteron
1160 3614 1163 3619 Ι

253 3624 339 3678 CLIII
359 3624 399 3678 cf.
416 3626 519 3679 Ζοκαν.
534 3643 561 3693 p.
572 3628 632 3678 386.
655 3625 772 3680 Tractat
785 3627 886 3683 MiiIler
895 3627 934 3682 IV
947 3635 1002 3698 μθ
1063 3636 1096 3685 17
1113 3627 1223 3700 ἔγραφε
1238 3648 1292 3689 om.
1301 3636 1331 3688 V.

82 3699 85 3705 ’
184 3704 361 3758 Constantini
382 3705 479 3774 Magni
502 3705 648 3759 historiam
672 3705 702 3757 in
725 3704 930 3763 dubitationem
954 3709 1066 3764 vocavit
1086 3709 1272 3783 Bernhardy,
1297 3712 1332 3768 do

184 3783 346 3839 Constantio
367 3785 413 3853 agi
436 3786 514 3838 ratus
534 3784 596 3840 coII.
617 3785 714 3843 Liban.
734 3787 847 3842 devita
867 3805 916 3842 sua
935 3806 961 3857 p.
981 3793 1028 3854 30,
1048 3787 1098 3855 ead
1116 3789 1246 3846 codicum
1265 3791 1331 3848 eori-

183 3866 296 3933 pturam
314 3864 392 3918 tenet
413 3863 579 3931 Gatsrhmid,
599 3866 696 3920 decem
713 3867 849 3928 librorum
867 3885 982 3922 numero
1001 3868 1130 3937 inprimis
1149 3875 1307 3928 commotae

255 3944 335 3998 CLIV
355 3961 409 3998 om.
423 3945 558 4000 Westerm.
588 3946 720 4001 Tractavi
733 3948 803 4003 Mue.
819 3949 906 4003 [then.
922 3948 1039 4002 XXXVI
1057 3948 1074 4003 I.
1090 3966 1114 4004 c.
1174 3956 1210 4005 20
1230 3952 1266 4008 de
1279 3954 1331 4009 hac

183 4023 305 4093 opttome
325 4041 346 4095 ai
360 4023 510 4078 Plutarcho
525 4025 610 4092 (Brut.
629 4044 654 4094 p.
671 4029 733 4096 985)
753 4029 868 4083 laudata
884 4028 918 4083 cf.
932 4027 1106 4096 Hirschfeld,
1125 4030 1223 4087 Diurn.
1237 4033 1330 4091 Anott.

185 4109 251 4158 1879
272 4122 297 4172 p.
319 4111 436 4174 109eeq.
522 4103 702 4176 θαυμάζεται
726 4126 782 4177 seq.
808 4109 923 4163 fortasse
950 4109 1050 4164 lectori
1076 4109 1163 4165 alicui
1185 4111 1330 4184 dobentar,

183 4183 228 4236 cui
240 4183 322 4238 Phot.
342 4184 409 4240 bibl.
428 4203 455 4254 p.
473 4192 546 4240 101a
565 4188 610 4241 vel
629 4188 711 4244 simil.
732 4192 797 4244 ante
816 4189 910 4244 oeulos
930 4189 1160 4246 obversabantur.
1198 4191 1241 4247 cf.
1260 4194 1328 4252 Mne.

184 4263 270 4316 Rhen.
290 4264 392 4318 XXXV
410 4284 437 4334 p.
457 4272 508 4320 208

255 4342 324 4396 CLV
344 4345 420 4400 Eoo.
440 4364 466 4414 p.
488 4352 546 4401 159.
585 4345 625 4400 CI.
645 4347 747 4403 Miiller
765 4350 791 4402 II
810 4368 837 4418 p.
856 4355 903 4418 25,
928 4350 977 4419 qui
996 4350 1111 4405 suidam
1132 4368 1167 4407 ex
1184 4372 1242 4425 uno
1259 4356 1329 4411 ΒοΙο

185 4420 253 4476 duos
266 4423 365 4479 iecisse
380 4425 476 4480 docuit
530 4432 564 4479 22
581 4424 756 4498 Δημόκριτος
769 4435 877 4484 ABER
890 4435 949 4487 Ala.
966 4433 1155 4501 Δημοκρίτιος
1167 4434 1245 4493 Eua.
1259 4452 1328 4494 cort.
