2880 5054
521 317 734 372 HESYOHIUS.
1136 320 1199 383 195

143 479 300 547 DCOXX.
345 483 526 563 Σίβυλλα
541 476 688 544 Ἕλισσα.
726 483 848 565 ἔγραψε
872 482 1026 564 μαντείας
1044 480 1099 545 καὶ
1123 506 1200 567 χρη-

53 583 159 672 σμοὺς
182 582 227 652 δι’
255 588 351 652 ἐπῶν.

144 693 318 760 DOCXXI.
350 697 530 777 Σίβυλλα
549 696 767 778 Κολοφωνία,
790 677 861 779 ἥτις
884 691 1009 779 έκλήθη
1033 694 1088 760 καὶ
1108 692 1199 779 Λάμ-

53 820 175 885 πουσα,
196 795 362 884 ἀπόγονος
381 797 583 886 Κάλχαντος.
606 800 661 866 καὶ
681 796 764 884 αῦτη
787 806 942 884 μαντείας
959 800 1014 866 καὶ
1033 798 1200 888 χρησμούς

56 905 101 973 δι’
131 909 220 974 ἐπῶν
243 906 298 972 καὶ
321 903 415 973 ἀλλα.
815 912 826 938 ’
1214 928 1226 964 5

144 1014 332 1080 DOOXXII.
369 1007 548 1099 Σίβυλλα
571 1011 763 1136 Θετταλη
746 1042 766 1101 η
797 1021 959 1100 κληθεῖσα
981 1013 1036 1080 καὶ
1061 1012 1200 1097 Μαντώ,

54 1116 225 1205 ἀπόγονος
251 1126 431 1207 Τειρεσίου.

143 1227 308 1293 ΒΟΟΧΧΙ
293 1229 351 1293 Ι.ΙΙ
393 1232 573 1312 Σίβυλλα
604 1225 781 1313 fflpvyt'oc‘
764 1255 783 1314 η
812 1235 974 1313 κληθεῖσα
1003 1224 1069 1294 ῦπό
1097 1254 1200 1296 τινων

54 1331 268 1421 Σάρνσις,”
252 1333 316 1401 υπὸ
346 1335 385 1401 δέ
410 1360 514 1401 τινων
541 1333 741 1421 Κασάνδρα,
768 1332 881 1402 ἀλλων
909 1333 945 1402 δε
973 1334 1200 1423 Ταραξάνδρα.

55 1440 111 1506 καὶ
136 1436 221 1525 αύτη
244 1437 420 1525 χρησμούς.
1216 1456 1241 1500 1⁰

142 1547 348 1614 DOOXXIV
378 1551 555 1632 Σίβυλλα
575 1550 711 1634 Κυμαία
730 1548 785 1614 καὶ
804 1552 983 1633 Σίβυλλα
1003 1553 1201 1636 Θεσπρωτίς.

57 1651 183 1741 δμοίως
205 1652 383 1740 χρησμούς.

144 1761 331 1828 DOOXXV.
360 1766 539 1848 Σίβυλλα
557 1765 690 1828 Χαλδαί
675 1766 707 1828 ία
731 1759 751 1847 6
773 1762 829 1828 καὶ
847 1762 930 1849 πρός
948 1787 1050 1830 τινων
1064 1759 1202 1848 Εβραία

55 1863 333 1955 ὄνομαζομένη,“
316 1894 337 1953 η
356 1866 412 1934 καὶ
431 1866 600 1954 Περσίς,
584 1895 605 1954 η
623 1874 729 1959 κυρίῳ
749 1865 887 1954 ὀνόματι
906 1871 1093 1955 καλουμένη
1110 1876 1202 1955 Σαμ-

53 1973 163 2061 βήθη,
198 1977 247 2058 [έκ
274 1978 334 2042 τοῦ
361 1977 480 2060 γένους
506 1979 567 2042 τοῦ
600 1974 854 2062 μακαριωτάτου
881 1981 976 2062 Νῶε,
1009 1973 1030 2061 6
1061 1976 1100 2042 τὰ
1129 1971 1199 2042 κατ’
1218 1994 1243 2033 15

52 2079 273 2165 Ἀλέξανδρον
300 2077 360 2148 τὸν
384 2079 569 2148 Μακεδόνα
597 2084 757 2168 λεγομένη
782 2083 1031 2170 προειρηκέναι,
1059 2073 1098 2168 ἧς
1121 2109 1201 2169 μνη-

55 2186 191 2275 μονεύει
212 2185 374 2275 Νικάνωρ
400 2183 417 2253 δ
441 2185 501 2254 τὸν
522 2184 742 2275 Ἀλεξάνδρου
764 2195 842 2275 βίον
866 2187 1057 2275 ἱστορήσας,
1084 2186 1104 2275 6
1128 2190 1203 2276 περὶ

55 2299 114 2362 τοῦ
146 2292 313 2361 δεσπότου
340 2296 487 2379 Χριστοῦ
515 2300 618 2381 μυρία
646 2299 901 2382 προθεσπίσασα
928 2296 984 2362 καὶ
1012 2299 1071 2381 τῆς
1099 2294 1203 2362 αύτοῦ

55 2406 249 2490 παρουσίας.
294 2397 378 2468 ἀλλά
409 2400 464 2466 καὶ
488 2402 525 2465 αι’
546 2401 658 2467 λοιπαὶ
682 2400 891 2491 συνᾴδουσιν
914 2399 1013 2490 αὐτῇ,
1041 2401 1128 2488 πλὴν
1153 2401 1203 2469 ὅτι

56 2507 179 2594 ταύτης
207 2507 271 2574 είσὶ
298 2511 412 2592 βιβλία
434 2504 491 2573 κδ’
514 2507 589 2593 περὶ
612 2507 735 2587 παντὸς
759 2513 883 2587 ἔθνους
905 2509 960 2575 καὶ
983 2506 1092 2596 χώρας
1114 2533 1204 2597 περι·
1218 2527 1244 2566 20

57 2617 184 2702 έχοντα.
222 2611 273 2680 δτι
297 2612 335 2680 δὲ
358 2615 393 2680 oc
414 2619 520 2700 στίχοι
544 2610 647 2699 αὐτῆς
669 2610 795 2693 ἀτελεῖς
818 2613 1030 2702 εὑρίσκονται
1053 2614 1107 2682 καὶ
1127 2612 1203 2702 ἀμε-

57 2749 141 2809 τροι,
161 2718 203 2788 ού
221 2723 279 2806 τῆς
295 2717 505 2806 προφητιδός
523 2722 613 2786 ἐστιν
633 2716 652 2805 6
674 2724 774 2805 αἰτία,
793 2718 877 2788 ἀλλά
895 2726 964 2789 τῶν
980 2720 1204 2809 ταχυχράφων

59 2827 98 2895 06
130 2823 407 2960 συμφθασάντων
438 2829 477 2914 τῇ
506 2824 594 2915 ῥύμη
623 2828 684 2892 τοῦ
712 2824 830 2912 λόγου,
862 2822 883 2912 6
910 2827 966 2893 καὶ
994 2826 1204 2896 ἀπαιδεύτων

57 2935 250 3021 γενομένων
278 2929 377 2999 καῖ’
359 2937 506 3017 αιτείρων
529 2936 763 3019 γραμματικῆς.
809 2961 876 3020 αμα
900 2933 963 3020 γὰρ
987 2938 1026 3024 τῇ
1051 2937 1205 3024 έπιπνοία
1247 3009 1250 3013 ,

59 3037 260 3108 ἐπίσταιντο
244 3067 265 3126 η
288 3043 355 3107 τῶν
369 3020 571 3124 λεχθέντων
593 3037 721 3125 μνήμη
750 3040 805 3106 καὶ
830 3038 885 3107 διδι
909 3045 1007 3108 τοῦτο
1032 3039 1204 3128 εὑρίσκον·
1218 3059 1244 3099 2⁵

58 3174 110 3215 ται
146 3146 202 3213 καὶ
238 3148 354 3214 λστ
351 3172 405 3232 χοι
433 3142 558 3224 ἀτελεῖς
585 3172 641 3211 και
671 3143 805 3213 διάνοια
833 3146 1008 3227 σκάζουσα.
1058 3156 1123 3214 είτε
1148 3147 1203 3213 και

57 3250 127 3321 κατ’
165 3257 361 3339 οἰκονομίαν
389 3255 477 3319 Θεοῦ
509 3255 609 3319 τοῦτο
641 3253 796 3337 γέγονεν,
830 3250 875 3331 ὡς
906 3252 950 3338 μὴ
983 3251 1203 3339 γινῶσκοιντο

60 3357 124 3427 ὑπὸ
149 3362 218 3426 τῶν
240 3362 374 3427 πολλῶν
398 3358 452 3425 καὶ
476 3354 623 3437 ἀναξίων
647 3360 682 3424 οί
702 3360 845 3445 χρησμοὶ
869 3357 993 3445 αὐτῆς]

144 3465 352 3534 DOOXXVI.
381 3462 598 3551 Σιβύρτιος
621 3465 807 3533 Θεοδέκτου
829 3469 890 3532 τοῦ
916 3472 1107 3551 Φασηλίτου
1126 3462 1204 3532 ἀνα-

57 3570 210 3658 ννῶστης
227 3573 282 3638 καὶ
302 3571 439 3657 οἰκέτης,
459 3567 496 3649 δς
511 3570 751 3657 ἐρρητόρευσεν
766 3575 904 3638 οἰκετῶν
918 3575 1055 3658 πρῶτος.
1080 3576 1203 3659 ἔγραψε
1217 3593 1243 3631 ³⁰

57 3681 175 3766 τέχνας
199 3678 384 3766 ρητορικάς.

127 3837 252 3899 DCOXX
289 3843 302 3891 1
323 3839 449 3911 Λίβυσσα
468 3852 538 3890 corr.
558 3837 779 3892 Ηενιεῖενλιαείνε

127 3917 292 3974 ΒΟΟΧΧΙΙΙ
310 3924 327 3972 8
342 3917 451 3986 Φρυγία
466 3932 481 3970 e
494 3917 557 3970 libr.
570 3916 637 3970 Par.
653 3916 794 3972 revocavit
808 3917 952 3986 Κιιεῖεναε,
969 3921 1052 3972 antea
1069 3935 1125 3973 om.
1140 3917 1202 3972 edd.

55 4005 70 4052 9
90 3993 219 4065 Σάρυσις
237 4002 287 4050 Η
306 3995 413 4071 Σάρβις
430 3997 502 4065 vulo,
518 3995 592 4050 Eud.
668 4001 700 4050 10
721 3992 826 4065 ἔγραψε
847 4017 888 4066 χρ.
908 3997 984 4053 Eud.

130 4076 293 4132 Dccxxlv
314 4084 345 4132 12
368 4075 475 4147 ἔγραψε
494 4074 542 4128 καλ
562 4069 633 4144 αῦτη
653 4070 755 4144 ὁμοίως
774 4096 814 4145 χρ,
834 4077 910 4134 Eud.

128 4155 279 4212 DCCXXV
300 4163 333 4213 13
352 4158 453 4224 Χαλδ,
472 4151 541 4224 πρός
555 4175 639 4208 τινων
653 4149 781 4227 Ἓβραία,
800 4151 818 4224 6
837 4157 902 4224 περὶ
916 4161 966 4224 Χρ.
982 4175 1067 4223 προφ.
1085 4155 1133 4209 rel.
1150 4171 1203 4208 om.

54 4238 133 4294 Eud.
192 4243 227 4291 14
245 4229 278 4306 ἧς
297 4233 329 4292 τὸ
348 4258 374 4292 ιι.
389 4232 412 4291 ὀ.
428 4236 519 4291 Ακον.
576 4241 608 4288 15
628 4235 697 4289 haec
712 4250 769 4302 seq.
784 4236 819 4289 ab
834 4236 973 4306 Hesychio
993 4235 1086 4288 aliena
1104 4235 1168 4288 sunt

57 4323 89 4370 17
110 4315 152 4370 cf.
171 4314 283 4384 ΜίἱΙΙετ,
303 4315 403 4386 θοιὶμλ.
423 4317 501 4370 Alex.
520 4333 547 4383 p.
564 4320 614 4368 152
689 4320 722 4368 18
741 4317 820 4368 δεσπ.
841 4316 915 4370 Θεοῦ
934 4317 1026 4369 Ακοιι.

128 4394 291 4450 DCOXXVI
310 4396 385 4452 Eud.
400 4413 427 4465 p.
442 4402 495 4451 640
549 4402 582 4450 29
602 4391 751 4469 Σιβύρτιος
770 4401 844 4449 ΔΒΕ
864 4391 997 4463 Σιβύρτις
1013 4400 1036 4447 V
1055 4390 1205 4465 Σιβῦντιος

54 4477 120 4533 edd.
141 4477 209 4531 vett.
229 4474 305 4532 Eud.
366 4481 400 4530 ³0
418 4473 540 4543 οίιιέτηςι
560 4475 594 4530 cf.
610 4475 810 4544 Wachsmuth‚
831 4476 925 4543 Symb.
944 4493 971 4543 p.
989 4481 1039 4528 142
1104 4480 1136 4528 ³1
1157 4493 1205 4544 με·

818 4618 819 4621 ,
940 4565 992 4616 13*
