2910 5056
585 287 871 344 PROLEGOMIINA.
1190 289 1306 344 XXXIX

249 451 336 527 Quae
361 452 388 516 si
412 455 498 516 recte
522 474 556 553 se
579 451 714 532 habent,
738 451 800 517 hoc
818 452 958 517 vitarum
983 455 1120 518 stemma
1143 476 1305 539 apponere

156 558 281 624 licebit:

566 745 729 814 Hesychii
752 746 901 815 epitome

156 876 276 933 VIoIarii
294 879 392 932 auctor
592 877 694 932 Snidae
713 879 882 949 archetypus
902 895 972 933 saec.
988 879 1013 932 X
1036 879 1197 935 maiusculis
1216 879 1320 935 literis¹

211 964 282 1004 saec.
298 947 337 1002 XI
783 949 956 1019 conscriptus
977 951 1126 1021 (perditus)

264 1079 288 1125 x
307 1090 379 1128 saec.
399 1073 437 1126 XI
451 1075 486 1142 (I)
505 1074 652 1144 (perditus)
813 1079 836 1126 Y
856 1091 926 1130 saec.
942 1075 994 1129 XII
1008 1075 1053 1129 vel
1071 1075 1136 1129 XIII
1158 1076 1305 1146 (perditus)

270 1220 321 1268 AV
340 1219 473 1285 (quocum
492 1215 617 1271 conoinIt
635 1221 663 1286 0)
825 1186 880 1270 BE*
894 1217 929 1271 al.
949 1217 966 1271 i.
983 1234 1006 1271 e.
1026 1218 1104 1272 codd.
1125 1216 1277 1272 deteriores

375 1293 435 1345 vat.
456 1293 581 1342 Posrsoni
865 1331 875 1347 ,

798 1365 865 1414 Med.
886 1363 981 1430 (qnam
1000 1376 1069 1415 corr.
1089 1360 1304 1432 Chalcondylas)

658 1506 721 1580 ΔΜ..
741 1502 801 1569 (sed
820 1502 854 1556 cf.
870 1435 1049 1573 Bernhardy,¹
1065 1504 1151 1572 praef.
1171 1522 1198 1573 p.
1219 1504 1304 1574 xcn)

696 1584 1137 1619 —h—

539 1593 773 1695 interpolationes
793 1624 913 1680 varan
1019 1634 1079 1684 sas.
1100 1631 1180 1697 (corr.
1200 1627 1302 1699 eruor)

387 1724 936 1760 ½.—--.„.—-...-.ae

478 1767 660 1824 correcturae
679 1768 799 1824 Violarii
940 1779 941 1782 ’
1054 1770 1231 1828 Genevensis.

244 1949 369 2025 Quibus
398 1950 567 2034 expositis,
595 1971 704 2034 nemo,
732 1951 859 2036 opinor,
884 1953 1033 2036 miratur,
1062 1953 1147 2037 quod
1169 1954 1202 2017 in
1226 1976 1303 2018 non·

152 2057 255 2122 nullis
278 2056 419 2122 vitarum
442 2057 522 2123 Iocis
547 2061 579 2122 et
610 2079 721 2122 omnes
744 2056 859 2123 Suidae
883 2059 960 2124 libri
988 2065 1020 2125 ct
1039 2059 1177 2126 Violarii
1205 2062 1303 2128 codex

152 2164 312 2229 lectiones
345 2163 516 2228 mendosas
548 2165 728 2249 continent,
762 2187 842 2249 quas
872 2189 911 2230 ex
941 2166 1099 2251 Hesychii
1129 2154 1303 2233 onom'ato-
1389 2240 1392 2245 ,

154 2273 234 2356 logo
258 2292 323 2335 non
352 2271 484 2336 fluxisse
507 2272 574 2336 veri
599 2272 801 2337 simillimum
826 2276 889 2358 est3
918 2275 1002 2357 quod
1031 2296 1146 2339 moneo
1170 2279 1303 2360 propter

150 2378 263 2461 Daub,
287 2375 376 2444 Stud.
399 2401 430 2460 p.
452 2379 514 2444 138
539 2379 579 2463 al.
618 2379 772 2443 Attamen
795 2384 922 2463 partem
945 2380 1147 2466 mendorum,
1171 2382 1302 2465 potissi·

152 2507 245 2550 mum
269 2485 303 2548 in
320 2485 506 2550 nominibus
525 2485 679 2570 propriis,
704 2487 775 2570 quis
795 2490 844 2550 est
868 2487 922 2571 qui
940 2486 1006 2552 iam
1019 2477 1067 2552 ¹ab
1088 2488 1301 2571 epitomatore

149 2591 335 2676 profectam
359 2613 430 2656 esse
448 2592 568 2676 neget?
609 2591 671 2657 Vel
696 2593 736 2657 ab
761 2594 831 2677 ipso
851 2591 1029 2678 Hesychic,
1053 2594 1166 2678 quiin
1189 2595 1301 2660 multis

150 2698 399 2783 quaestionibus
423 2702 592 2783 tantopere
616 2722 636 2764 a
659 2721 734 2765 vero
759 2700 944 2766 aberravit?

241 2803 327 2870 Hinc
350 2808 455 2871 totam
472 2806 601 2872 Pulchii
619 2807 729 2872 thesin
752 2807 947 2874 labefactam
969 2830 1039 2898 esse
1063 2808 1186 2891 opinor.
1224 2807 1301 2891 Epi-

148 2917 238 2977 tonre
272 2913 359 2976 enim
386 2911 618 2999 Onomatologi
648 2915 676 2978 si
705 2919 817 2980 auctor
845 2914 997 3000 Viclurii‚
1031 2916 1211 2999 quicunque
1243 2918 1300 2998 est,

148 3020 318 3103 utebatur,
346 3021 473 3085 saeculo
500 3021 667 3087 undecimo
695 3022 723 3086 is
752 3022 919 3105 scripsisse
943 3022 1104 3106 putandus
1134 3026 1196 3103 est,
1227 3043 1300 3085 oum

149 3127 282 3193 saeculo
302 3127 491 3193 duodecimo
510 3127 600 3193 illam
618 3128 685 3192 iam
702 3129 864 3193 interiisse
879 3129 1111 3214 supradictum
1130 3129 1182 3193 sit.
1216 3127 1299 3197 Tum
1356 3209 1358 3213 Α

149 3239 260 3301 autem
288 3234 429 3319 plurima
455 3234 537 3319 fere,
569 3257 651 3319 quae
678 3236 717 3300 de
748 3216 987 3320 exemplaribus
1016 3237 1104 3321 typis
1137 3234 1298 3318 expressis

148 3341 253 3407 Puloh
271 3341 422 3426 protulit,
441 3341 598 3407 infirmari
611 3342 844 3426 falsariumque
861 3343 972 3407 abillo
988 3343 1129 3406 effictum
1144 3342 1177 3404 in
1192 3345 1298 3405 adrem

149 3449 285 3515 dissolvi
308 3470 437 3513 necesse
464 3452 525 3534 est,
550 3471 746 3535 quamquam
773 3453 885 3515 nostro
905 3447 1054 3515 Violario
1074 3449 1233 3514 nonnulla
1259 3470 1298 3512 ex

150 3556 248 3621 editis
268 3555 360 3620 libris
384 3555 530 3641 inspersa
554 3577 623 3621 esse
640 3577 766 3641 negare
790 3557 900 3622 nolim.
908 3555 933 3643 ¹)

147 3708 364 3720 ——-—-·

224 3807 249 3871 1)
273 3802 506 3857 Phavorinnm
529 3800 707 3872 potissimum
724 3801 851 3872 excipere
872 3804 960 3872 malo,
985 3802 1104 3873 quiade
1124 3819 1156 3858 eo
1177 3804 1213 3858 ab
1234 3803 1298 3859 aliis

148 3883 214 3956 po'st
232 3884 343 3939 Pulchii
362 3884 495 3939 subtilem
516 3883 742 3939 dissertationem
762 3882 955 3951 quaestionem
974 3883 1064 3937 denuo
1083 3883 1244 3938 institutum
1262 3884 1297 3938 iri

150 3981 242 4035 spero,
270 3965 330 4020 Neo
348 3964 440 4038 minus
459 3983 503 4020 res
523 3965 558 4019 de
576 3964 716 4019 nonnullis
736 3962 879 4019 Cornuti
898 3963 1028 4019 editionis
1042 3962 1211 4018 Basileensis
1230 3964 1296 4018 arti-

149 4044 221 4100 culis
247 4047 375 4100 oonstare
401 4043 526 4114 videtur,
552 4047 627 4116 quod
652 4045 701 4099 ille
727 4063 753 4114 p.
772 4050 806 4100 70
833 4043 987 4101 certissimo
1014 4045 1099 4100 evicIt
1124 4047 1294 4114 argumento.

150 4124 291 4190 Quidnam
309 4142 375 4181 varo
395 4125 429 4181 de
448 4130 561 4181 auctore
583 4125 700 4181 Violarii
719 4123 850 4193 efficitur,
874 4125 898 4179 si
919 4125 1049 4179 librarius
1073 4124 1177 4178 saeculi
1195 4124 1296 4179 decimi

150 4205 241 4274 quinti
266 4206 312 4260 vel
338 4206 409 4260 sexti
435 4205 572 4273 quaedam
598 4223 632 4260 ex
658 4205 827 4262 editi0nibus
853 4205 1002 4260 correxerit
1029 4205 1075 4259 vel
1101 4205 1295 4275 descripserit?

151 4316 186 4325 -
204 4285 330 4354 Denique
348 4302 462 4353 moneo,
482 4286 629 4341 Pulchium
643 4306 670 4356 p.
686 4293 720 4340 45
736 4303 792 4355 seq.
813 4286 898 4341 etiam
913 4286 947 4340 de
962 4283 1169 4340 commentariis
1183 4285 1295 4342 Nonni

151 4363 309 4434 Abbatis,
323 4365 464 4421 Endociae
478 4364 564 4435 fonte,
583 4370 657 4422 recte
672 4367 817 4436 indicasse,
836 4365 909 4435 quod
925 4367 1072 4434 postquam
1088 4364 1217 4434 egregius
1233 4367 1293 4425 cod.

153 4442 337 4516 Tubingensis
356 4445 385 4500 M
404 4451 429 4500 6.
444 4452 479 4502 40
493 4447 645 4504 membran.
661 4464 731 4504 saec.
747 4447 798 4516 XI,
819 4463 874 4516 quo
895 4445 977 4516 Greg.
992 4443 1060 4499 Naz.
1075 4443 1215 4502 orationes
1230 4462 1293 4502 con-
