2880 5054
539 333 754 391 Ηνενοιιιοε.
1172 335 1213 399 41
1325 299 1327 303 ’

68 498 274 582 Περικλέους
296 497 352 562 καὶ
377 492 586 582 Ἰσοκράτους
612 497 666 564 καὶ
688 494 947 583 Ἀλκιδάμαντος
968 501 1030 566 τοῦ
1054 495 1216 582 Ἐλαῖτου,

68 599 107 683 ὃς
135 601 240 670 αύτοῦ
268 605 335 670 καῖ’
354 603 418 690 τὴν
449 603 574 691 σχολὴν
608 606 784 686 διεδέξατο.
834 601 980 691 ἀδελφὸς
1012 604 1049 672 δέ
1081 597 1125 692 ἦν
1156 609 1217 673 τοῦ

67 714 186 798 ἰατροῦ
204 707 394 798 Ἡροδίκου.
436 710 635 799 Πορφύριος
653 711 690 779 δέ
714 708 817 780 αὐτὸν
841 712 893 779 ἐπὶ
916 716 974 798 της
996 711 1033 779 π’
1058 711 1215 799 ὀλυμπιά-

67 822 127 897 δος
150 823 301 904 τίθησιν·
324 816 408 887 άλλδι
432 817 494 906 χρὴ
513 832 607 887 νοεῖν
626 818 852 907 πρεσβύτερον
872 816 977 886 αὐτὸν
992 817 1087 888 εἶναι.
1120 811 1218 899 οὗτος

66 928 199 1010 πρῶτος
226 929 271 1016 τῶ
296 927 460 1016 ῥητορικῷ
485 930 566 994 εἰδει
594 930 652 1012 τῆς
674 931 825 1006 παιδείας
849 925 995 1013 δύναμίν
1017 953 1052 993 τε
1075 946 1241 1014 φρασα-τ

66 1030 131 1119 κην
155 1032 210 1099 καὶ
233 1033 354 1119 τέχνην
379 1037 496 1119 ἔδωκε,
519 1047 657 1118 τροπαῖς
678 1061 713 1101 τε
735 1035 791 1101 καὶ
815 1047 1018 1120 μεταφοραῖς
1040 1034 1096 1101 καὶ
1119 1030 1217 1118 άλλη·
1330 1087 1333 1092 .

68 1145 200 1229 γορίαις
222 1140 278 1207 καὶ
301 1136 506 1226 ύπαλλαγαῖς
528 1141 584 1208 καὶ
607 1140 826 1228 καταχρήσεσι
854 1141 909 1207 καὶ
937 1137 1139 1225 ὑπερβάσεσι
1162 1141 1220 1228 καὶ,

65 1244 316 1316 άναδιπλῶσεσι
339 1249 394 1315 καί
418 1248 645 1335 έπαναλήψεσι
669 1249 724 1314 καὶ
748 1244 974 1334 ἀποστροφαῖς
994 1247 1049 1314 καὶ
1072 1246 1217 1334 παρισῶ-

67 1373 163 1422 σεσιν
191 1353 362 1441 ἐχρήσατο.
408 1359 544 1443 ἔπραττε
569 1355 605 1423 δέ
624 1359 692 1423 τῶν
706 1359 878 1442 ’μαθητῶν
901 1356 1040 1422 ἕκαστον
1064 1358 1148 1440 μνᾶς
1171 1353 1216 1442 ρ’.

71 1463 152 1546 ἐβίω
177 1460 215 1528 δέ
238 1466 293 1548 έτη
317 1461 384 1549 ρθ’,
407 1462 462 1528 καὶ
486 1461 718 1549 συνεγράφατο
742 1460 857 1529 πολλά.
890 1492 892 1495 ·
1231 1485 1257 1522 1⁰

161 1568 284 1637 CLXV.
327 1567 562 1657 [Γρηγόριος
585 1566 677 1635 ὁκαὶ
697 1567 887 1655 Θεόδωρος,
911 1564 1218 1655 όθαυματουργός,

66 1681 333 1761 Νεοκαισαρείας
353 1679 412 1760 τῆς
434 1677 471 1742 έν
494 1679 540 1767 τῶ
559 1673 682 1766 Πόντφ
702 1676 893 1760 ἐπίσκοπος,
917 1676 992 1755 νέος
1015 1679 1136 1763 κομιδῇ
1160 1674 1217 1741 διὰ

66 1781 131 1868 τὴν
154 1784 331 1849 παίδευσιν
350 1778 555 1867 Ἑλληνικῶν
577 1809 612 1855 τε
633 1783 689 1850 καὶ
709 1780 902 1868 Ῥωμαϊκῶν
925 1781 1128 1869 γραμμάτων
1151 1779 1216 1849 άπὸ

66 1893 128 1975 τῆς
150 1892 392 1967 Καππαδοκίας
419 1893 466 1968 εἰς
489 1886 643 1976 Βηρυτὸν
672 1887 828 1956 κάκεῖθεν
857 1893 903 1967 εἰς
926 1891 1133 1976 Καισάρειαν
1156 1886 1217 1973 τὴν

64 2000 125 2082 τῆς
153 2001 379 2081 Παλαιστίνης
407 1997 518 2081 διέβη,
546 1993 613 2081 ἅμα
639 1993 864 2085 Ἀθηνοδώρῳ
892 1992 1039 2086 ἀδελφῷ·
1078 1991 1137 2073 οὓς
1162 1996 1217 2061 καὶ
1233 2019 1257 2056 15

64 2101 150 2171 κατὰ
180 2104 280 2190 μέρος
309 2106 356 2182 εἰς
382 2101 443 2188 τὴν
469 2107 531 2170 τοῦ
559 2106 704 2186 Χριστοῦ
732 2107 844 2169 πίστιν
873 2101 1016 2188 εἰσάγων
1045 2099 1218 2189 Ώριγένης

66 2207 212 2296 ζηλωτὰς
230 2213 339 2288 ἰδίους
358 2210 565 2296 κατέστησεν.
594 2210 645 2277 ἐπὶ
666 2210 763 2278 πέντε
785 2213 904 2276 τοίνυν
922 2207 999 2297 παρ’
1018 2206 1123 2276 αὐτοῦ
1142 2232 1213 2275 παι-

66 2316 247 2395 δευθέντες
278 2315 452 2395 ἐνιαυτοὺς
479 2312 561 2402 πρὸς
589 2313 650 2402 τὴν
678 2320 822 2403 πατρίδα
857 2313 1120 2404 άποπέμπονται·
1153 2312 1214 2401 ἀφ’

67 2415 110 2490 οὗ
134 2419 153 2490 ό
173 2421 360 2510 Γρηγόριος
383 2419 567 2510 ἀποδημῶν
586 2421 816 2510 πανηγυρικὸν
836 2421 1048 2510 εὐχαριστίας
1065 2428 1110 2515 τῷ
1130 2419 1216 2508 Ὠρι-

65 2531 157 2615 γένει
180 2533 304 2616 ἔγραψε
327 2529 446 2615 λόγον,
470 2529 524 2596 καὶ
544 2529 831 2616 συνκαλεσάμενος
850 2529 975 2609 πάντας
995 2529 1076 2609 τοὺς
1099 2531 1215 2616 ε’πιχω-
1230 2553 1255 2592 εο

66 2640 177 2720 ρίους,
207 2632 312 2703 αὐτοῦ
340 2662 374 2704 τε
406 2640 467 2705 τοῦ
494 2634 686 2724 Ὠριγένους
715 2636 897 2724 παρόντος,
928 2640 1049 2704 τοῦτον
1084 2633 1215 2722 άνέγνω

65 2740 263 2827 τὸνλόγον,
287 2740 377 2822 ὅστις
394 2741 470 2833 άχρι
493 2747 554 2811 τοῦ
577 2742 744 2827 παρόντος
767 2740 915 2830 ὑπάρχει.
962 2749 1085 2829 ἔγραψε
1105 2742 1217 2810 δὲκαὶ

65 2848 276 2937 μετάφρασιν
304 2854 351 2929 εἰς
380 2841 454 2917 τὸν
468 2848 723 2937 έκκλησιαστήν,
756 2848 929 2936 ἐλάχιστον
961 2850 1022 2937 μὲν
1054 2849 1144 2918 πάνυ
1177 2848 1214 2916 δὲ

66 2954 266 3042 θαυμαστὸν
291 2957 402 3042 λόγον.
442 2956 497 3023 καί
517 2953 621 3035 άλλας
643 2956 681 3024 δὲ
700 2954 824 3035 πολλὰς
840 2957 896 3024 καὶ
914 2963 1067 3036 ποικίλας
1089 2959 1216 3026 ἐπιστο-

65 3062 128 3142 λάς
149 3062 205 3130 καί
223 3061 346 3148 λόγους
364 3061 611 3149 συνεγράφατο,
634 3061 776 3148 ποιήσας
793 3090 827 3131 τε
847 3077 965 3150 σημεῖα
983 3065 1038 3132 καὶ
1056 3051 1214 3150 θαύματα
1228 3086 1254 3126 ει

67 3167 153 3258 ὑπὲρ
173 3168 373 3258 ἄνθρωπον,
396 3167 496 3257 ἡνίκα
516 3172 692 3250 ἐπίσκοπος
714 3170 911 3256 ἐτύγχανεν,
936 3170 1145 3256 ἐτελεύτησεν
1165 3168 1214 3238 ἐπ’

68 3275 312 3363 Αύρηλιανοῦ.]

140 3443 155 3490 1
173 3431 304 3492 Ἑλαΐτον
323 3453 390 3491 corr.
409 3436 547 3492 Kusterus
563 3431 696 3492 Ἐλεάτου
710 3443 787 3490 AVE
805 3432 952 3492 Ἐλαιάτου
971 3443 991 3491 Β
1008 3432 1123 3491 Ἐλάτου
1143 3436 1216 3506 νιιίμι

63 3517 143 3572 Emi.
218 3512 383 3586 κάδελφὸς
402 3547 434 3556 -
455 3513 529 3572 εἶναι
552 3533 606 3571 om.
625 3524 648 3570 v
719 3525 734 3572 3
761 3519 795 3574 cf.
820 3517 906 3572 schol.
927 3518 1035 3572 Platon.
1057 3516 1093 3570 VI
1118 3535 1145 3586 p.
1165 3523 1216 3572 298

64 3597 176 3652 Herma
200 3589 283 3660 οὗτος
308 3592 359 3667 ούχ
382 3591 397 3652 ὃ
417 3594 633 3669 Σηλυμβριανός
657 3593 731 3651 έστιν
751 3594 911 3667 Ἡρόδικος,
935 3593 996 3652 ἀλλ’
1017 3593 1032 3651 ὃ
1056 3602 1217 3667 Λεοντῖνος,

66 3679 192 3746 Γοργίου
211 3672 345 3747 ἀδελφός.
379 3676 419 3732 cf.
439 3677 525 3732 etiam
544 3678 582 3730 VI
600 3697 627 3747 p.
648 3685 707 3735 339.
739 3680 783 3733 Ad
802 3680 920 3732 eundem
941 3682 1015 3733 certe
1034 3679 1142 3747 spectat
1157 3677 1216 3731 Sui-

65 3759 117 3814 ᾱιεε
130 3777 157 3813 v.
173 3753 320 3828 Ἡρόδικος
393 3763 409 3812 5
429 3757 463 3812 de
479 3757 600 3828 Gorgiae
620 3761 713 3814 aetate
732 3760 766 3814 cf.
782 3760 893 3826 Rohde,
911 3759 982 3814 Mus.
997 3759 1085 3813 Rhen.
1100 3757 1216 3812 XXXIII

66 3857 95 3907 p.
118 3843 171 3894 186
188 3841 246 3894 not.
320 3844 500 3892 σηοω]
572 3832 887 3907 9ρ’-οιι11;.οιο.ῖ

138 3917 237 3973 CLXV
259 3919 638 3988 Hieronymus-Sophronias
652 3935 674 3972 ο.
691 3924 734 3988 66,
752 3919 801 3988 qui
819 3919 957 3987 HesychIo
972 3918 1120 3974 maIeriam
1140 3918 1217 3973 dedit

67 4005 99 4054 11
119 3995 283 4068 Θεόδωρος,
302 3991 334 4061 δς
351 3991 471 4066 ὕστερον
489 3992 555 4067 έκλη
568 3996 767 4068 θηΓρηγόριος
783 4000 915 4068 Sophron.
936 4000 973 4053 id.
994 4017 1047 4054 om.
1068 3995 1083 4053 ὁ
1102 4002 1214 4069 θαυμα-

64 4074 187 4147 τουργάς
242 4085 273 4133 12
292 4075 345 4148 τὴν
359 4097 413 4134 om.
429 4078 511 4146 Soph.
568 4085 600 4132 13
615 4076 805 4133 παιδευθέντε
825 4080 907 4150 Soph.
964 4085 996 4134 15
1012 4070 1052 4132 ῶν
1066 4099 1151 4133 τινων
1164 4074 1216 4148 τὴν

67 4154 212 4228 ἐξαίρετον
231 4154 355 4228 εύφνίαν
380 4153 511 4228 έωρακῶς
531 4153 673 4227 Ὠριγένης
692 4155 809 4221 τούτους
828 4158 868 4223 εἰς
891 4162 1063 4229 φιλοσοφίαν
1085 4159 1215 4228 προετρέ·

65 4250 142 4307 φατο
161 4237 226 4294 add.
241 4238 324 4308 ιδόχιλι.
380 4244 413 4293 18
432 4232 484 4305 τὴν
499 4235 604 4306 μητέρα
619 4237 701 4307 δογίι.
748 4234 802 4308 άφ’
819 4231 857 4294 ῶν
877 4242 957 4310 Soph.
1006 4246 1040 4293 23
1059 4235 1143 4307 λόγον
1162 4255 1216 4294 om.

67 4317 151 4386 Soph.
171 4311 248 4381 ὅστις
261 4316 310 4372 καί
326 4319 399 4387 vulo.
418 4315 466 4371 καὶ
482 4333 535 4371 om.
550 4317 670 4387 ASoph.
725 4325 760 4374 22
775 4317 912 4390 έκφρασιν
926 4320 1007 4389 Soph.
1064 4325 1169 4374 24-27
1184 4318 1216 4375 δὲ

67 4428 101 4436 -
116 4398 166 4452 καλ
178 4399 310 4460 ποικίλας
323 4428 358 4438 -
374 4392 447 4465 ὑπὲρ
465 4394 621 4465 ἄνθρωπον
638 4429 671 4438 -
685 4396 873 4468 »ἐτελεύτησεν
895 4395 941 4454 ἐπ’
961 4393 1139 4466 Αύρηλιανού
1160 4417 1216 4454 om.

66 4477 151 4548 Soph.
201 4483 236 4534 26
258 4472 303 4533 ἰπλ
320 4471 474 4534 Ἰουλιανού
489 4479 562 4552 νκίρ.
579 4473 624 4534 ἐπ’
636 4472 814 4550 Αύρηλιαναῦ
834 4495 869 4536 ex
882 4478 989 4536 duobus
1003 4478 1216 4538 PanKusterue
