2910 5056
615 324 827 380 HESYGHIUS.
1232 324 1293 389 173

142 485 180 554 δὲ
213 482 298 554 κατδι
328 492 539 572 Πτολεμαίου
565 484 627 553 τὸν
651 483 825 572 Ἐπιφανῆ.
875 484 958 554 κατά
988 485 1026 554 δὲ
1050 483 1293 573 Ἀσκληπιάδην

137 590 202 661 τὸν
233 590 438 681 Μυρλεανὸν
474 592 713 679 σννεχρόνισεν
744 590 976 680 Ἀριστοφάνει
1005 598 1050 685 τῷ
1078 597 1293 686 γραμματικῷ

136 700 197 767 καὶ
229 699 387 786 διήκουσε
414 701 469 767 καὶ
497 704 558 768 τοῦ
582 697 715 768 Ῥοδίου
743 706 941 768 Παναιτίου.
988 706 1110 786 ἔγραψε
1137 699 1294 788 περιήγη-

135 827 200 875 σιν
219 803 322 875 Ἰλίου
346 809 383 875 ἐν
406 812 550 893 βιβλίοις
572 805 617 892 γ’,
647 805 707 892 <td
730 804 814 891 πρὸς
833 805 969 876 Ἀδαίου
991 809 1046 875 καί
1067 806 1294 894 Ἀντίγονον,>

132 919 264 994 κτίσεις
286 918 355 981 τῷν
378 916 415 982 ἐν
441 918 568 981 Φωκίδι
592 913 723 982 πόλεων
746 915 801 982 καί
824 915 900 999 περὶ
917 918 977 1000 τής
993 912 1078 1000 πρὸς
1093 913 1320 1000 Ἀθηναίουςὸ

134 1027 340 1108 συγγενείας
364 1018 491 1104 [αύτῷν
514 1026 649 1105 κτίσεις]
673 1025 742 1089 τῷν
766 1023 801 1089 ἐν
821 1021 944 1112 Πόντῳ
967 1022 1109 1106 πόλεων,
1133 1022 1294 1110 περὶτῶν

133 1131 177 1196 έν
220 1133 449 1214 Λακεδαίμονι
490 1129 546 1195 καὶ
582 1126 666 1196 άλλα
697 1136 848 1214 πλείστα,
886 1131 923 1197 έν
961 1124 1011 1210 οἷς
1044 1130 1101 1197 καὶ
1131 1126 1296 1216 κοσμικὴν

133 1235 345 1322 περιήγησιν
367 1234 441 1322 ήτοι
465 1240 689 1322 γεωγραφίαν.

233 1343 326 1410 DOL.
365 1343 561 1428 Πολέμων
585 1340 788 1429 Λαοδικεύς,
817 1341 924 1430 ήγουν
952 1345 989 1411 ἐκ
1011 1348 1211 1423 Λαοδικείας
1237 1347 1295 1430 τής

130 1448 226 1537 πρὸς
250 1453 294 1540 τῷ
316 1448 417 1539 Λύκῳ
441 1453 588 1539 ποταμῷ,
613 1449 723 1537 ῥήτωρ
742 1450 797 1516 καὶ
816 1449 987 1537 σοφιστής,
1012 1451 1234 1538 σοφιστεύσας
1257 1453 1294 1517 ἐν
1309 1467 1333 1506 1⁰

131 1554 306 1645 Σμύρνη,
334 1558 536 1634 διδάσκαλος
556 1552 762 1640 Ἀριστείδου
784 1558 846 1623 τοῦ
869 1553 1018 1643 ῥήτορος.
1057 1548 1101 1643 ήν
1125 1555 1162 1624 δὲ
1185 1558 1242 1624 ἐπί
1261 1583 1294 1624 τε

132 1665 317 1749 Τραϊανοῦ
330 1663 385 1728 καὶ
400 1658 470 1748 μετ’
487 1659 607 1745 αὐτόν,
623 1657 775 1746 μαθητής
790 1660 827 1727 δὲ
842 1662 971 1746 ἐγένετο
993 1661 1221 1750 Τιμοκράτους
1234 1667 1295 1731 τοῦ

130 1769 170 1850 ἐξ
192 1765 392 1854 Ἡρακλείας
413 1772 473 1854 τής
495 1769 533 1834 ἐν
551 1771 596 1859 τῷ
618 1766 739 1857 Πόντῳ
763 1767 958 1853 φιλοσόφον
979 1770 1034 1835 καὶ
1059 1774 1294 1837 Σκοπελιανοῦ

130 1879 203 1943 τοῦ
229 1878 403 1960 σοφιστοῦ.
431 1872 630 1960 ’ἐτελεύτησε
650 1873 687 1940 δὲ
707 1873 739 1948 ς’
762 1874 817 1940 καὶ
841 1873 875 1941 ν’
901 1876 1072 1943 ένιαυπῷν.
1105 1874 1238 1959 [ἑαυτὸν
1258 1877 1295 1943 έν

130 1984 183 2074 τῷ
210 1980 309 2072 τάφῳ
334 1979 486 2070 ἐμβαλὼν
508 1982 563 2049 καί
590 1977 860 2068 άποκαρτερήσας
885 1980 1003 2050 διὰτὸ
1031 1985 1231 2069 συνέχεσθαι
1254 1994 1294 2072 τῇ
1310 1999 1334 2038 15

130 2087 317 2175 άρθρίτιδι
331 2088 431 2180 νόσῳ.
462 2086 515 2156 διὸ
530 2088 586 2154 καὶ
600 2091 668 2155 τῷν
684 2091 857 2173 συγγενῶν
870 2089 925 2156 καὶ
944 2095 1054 2176 φίλων
1067 2089 1293 2176 θρηνούντων

130 2197 274 2282 λέγεται
294 2199 399 2263 εἰπεῖν
421 2193 505 2282 πρὸς
523 2191 645 2273 αὐτοὺς
664 2193 725 2262 τὸν
745 2196 932 2281 Πολέμωνα
956 2193 1054 2264 ‘dore'
1072 2223 1130 2283 μοι
1152 2199 1292 2285 [ἕτερον]

130 2307 242 2389 σῶμα
256 2304 312 2370 καὶ
326 2302 598 2390 μετεμβήσομαι’.
619 2302 675 2368 καὶ
689 2315 758 2380 τοῖς
774 2306 901 2389 ἰατροῖς
915 2302 968 2370 ἐπὶ
982 2307 1095 2394 συχνῷ
1112 2305 1293 2390 τέμνουσιν

130 2407 251 2479 αὐτὸν
271 2415 384 2496 ἔλεγεν
400 2411 585 2496 (ἐκτέμνετε
598 2405 657 2486 τὰς
671 2410 874 2495 Πολέμωνος
888 2415 1046 2494 λατομίας
1060 2406 1105 2488 ὡς
1118 2409 1292 2496 τάχιστα’.]

232 2519 345 2586 DOLI.
382 2517 599 2603 Πολέμων
629 2512 646 2581 ὁ
675 2513 851 2601 νεώτερος,
879 2514 1048 2603 σοφιστής.
1093 2518 1211 2604 γέγονε
1237 2519 1334 2586 καὶ20

130 2622 248 2703 αὐτὸς
274 2625 326 2691 ἐπὶ
349 2623 521 2712 Κομόδου.

215 2802 229 2848 1
257 2796 292 2848 de
312 2794 479 2864 Asclepiade
505 2794 539 2847 of.
559 2794 653 2860 Deub,
678 2792 711 2845 de
731 2791 807 2846 Suid.
825 2809 853 2860 p.
872 2795 923 2845 459
995 2798 1010 2844 3
1035 2791 1083 2845 καί
1106 2790 1237 2861 διήκουσε
1259 2823 1295 2833 -

130 2878 217 2932 Παν.
243 2879 294 2931 aut
317 2874 437 2930 dolende
456 2875 505 2928 aut
528 2873 707 2927 scribendum
726 2865 753 2924 δ’
770 2865 858 2924 αὐτοῦ
883 2865 898 2924 ὁ
919 2866 1025 2933 Ῥόδιος
1044 2875 1200 2935 Παναίτιος
1223 2874 1293 2928 ooni.

130 2955 266 3012 Ιοκείυε
285 2953 330 3022 (of.
345 2954 451 3008 Prellor
464 2972 491 3023 p.
508 2954 548 3023 7),
566 2952 682 3006 nomine
697 2949 841 3005 Posidonii
859 2952 887 3005 el
901 2950 1060 3006 Polemonis
1080 2952 1196 3007 confusa
1213 2955 1295 3023 putet

130 3036 321 3102 Gutseomrr,
340 3030 543 3104 Ἀριστοφάνει,
563 3025 597 3086 ού
616 3031 665 3086 καλ
684 3028 827 3101 διήκουσε,
847 3032 896 3086 καλ
914 3033 952 3103 τῷ
967 3029 1063 3103 Ῥοδίῳ
1079 3035 1152 3088 Παν.
1167 3035 1252 3088 Πακδ

130 3120 151 3168 4
172 3111 213 3170 τὰ
234 3110 307 3183 πρὸς
322 3109 431 3167 Ἀδαῖον
450 3112 499 3166 καί
521 3108 688 3182 (Ἀντίγονον
712 3114 826 3182 supplet
843 3112 1020 3183 Bernhardy)
1043 3115 1108 3183 post
1130 3112 1295 3183 περιήγησιν

132 3197 208 3252 add.
226 3201 248 3247 V
269 3194 314 3262 (of.
330 3195 431 3248 Athen.
451 3193 490 3247 IX
503 3212 529 3262 p.
546 3195 623 3262 410),
643 3192 693 3246 sed
711 3192 780 3246 olim
799 3195 984 3255 antemissas
1003 3192 1088 3247 fuisse
1103 3193 1296 3263 coniungenda

131 3291 205 3332 oum
226 3274 323 3330 verbis
348 3274 463 3328 seclusis
488 3269 583 3325 αὐτῶν
604 3274 719 3338 κτίσεις,
743 3290 860 3341 quorum
884 3272 955 3326 illud
980 3275 1141 3341 corruptum
1166 3277 1239 3327 esset
1261 3290 1295 3327 ex

130 3347 307 3425 Ἀντίγονον,
326 3355 380 3408 hoo
399 3353 584 3422 adscriptum,
603 3354 635 3405 ut
653 3353 772 3408 lectores
786 3353 873 3407 verbe
887 3349 921 3406 τά
938 3384 971 3392 -
989 3348 1142 3421 Ἀντίγονον
1156 3355 1222 3407 onte
1239 3356 1295 3407 ατί·

134 3452 199 3499 σεις
224 3433 401 3503 supplerent,
425 3432 534 3488 censuit
553 3432 713 3486 Grlsohmid
803 3440 818 3487 6
839 3427 944 3500 αὐτῶν,
965 3434 1068 3494 κτίσεις
1088 3450 1122 3486 ex
1142 3432 1209 3487 Por.
1230 3432 1294 3485 add.

134 3513 296 3583 Καείικυε,
317 3531 370 3571 om.
389 3517 462 3583 υαίγ.
481 3513 809 3569 Εκιί.δσ1.ίίκίεολυιιίλ
868 3509 978 3565 πόλεων
996 3513 1063 3581 post
1075 3513 1179 3566 Λακεδ.
1200 3529 1252 3566 om.
1273 3517 1295 3563 v

138 3592 276 3650 πινάκων
285 3595 431 3649 Ιίιίιιωίιιε
445 3594 523 3648 ναῷν
534 3593 696 3648 (ἱκίετλικιίά
710 3593 811 3655 κτίσεις
826 3613 848 3646 τ.
865 3589 896 3646 έν
910 3598 941 3648 Λ.
956 3597 1017 3646 πολ.
1030 3592 1192 3647 dubitanter
1201 3594 1296 3661 Πακδ,

141 3691 318 3744 quamquam
331 3693 387 3729 non
402 3674 544 3730 diversum
559 3690 617 3728 esse
632 3691 649 3727 a
662 3674 734 3729 libro
744 3673 808 3740 περὶ
819 3694 841 3728 τ.
854 3669 885 3727 ἓν
895 3675 1000 3728 Λακεδ.
1011 3667 1208 3742 ἀναθημάτων
1216 3676 1296 3743 patet

214 3754 288 3810 DCL
308 3755 384 3810 Eud.
404 3774 431 3824 p.
447 3761 506 3809 590.
545 3754 585 3809 of.
604 3773 630 3809 v.
653 3749 825 3823 Ἀριστείδης,
862 3754 904 3806 De
925 3752 1126 3807 additamentis
1150 3753 1208 3808 dixi
1225 3754 1295 3809 Mus.

145 3834 232 3892 Rhen.
250 3837 269 3890 l.
285 3853 308 3890 e.
364 3843 379 3890 9
399 3832 487 3905 ήγουν
507 3867 539 3875 -
559 3836 674 3907 ποταμῷ
694 3852 748 3890 om.
763 3833 839 3888 Eoo.
901 3840 933 3887 12
953 3833 1002 3887 καλ
1021 3829 1083 3902 μετ’
1104 3828 1193 3888 αὐτὸν
1208 3842 1295 3889 om.V

151 3911 350 3987 Δημοκράτους
369 3931 422 3968 om.
439 3909 551 3982 ἐγένετο
567 3919 589 3965 V
646 3919 678 3966 14
699 3909 818 3984 depost
833 3909 872 3968 ἒν.
888 3914 952 3969 add.
968 3915 1053 3968 Darrb
1110 3922 1141 3968 15
1161 3915 1230 3969 haee
1244 3915 1294 3969 flu-

152 3998 246 4051 xorunt
264 4013 298 4049 ex
313 3994 444 4049 Philostr.
459 3994 516 4048 vit.
532 3995 553 4062 Ι,
568 3999 601 4046 25
617 3995 654 4062 (p.
669 4000 721 4048 233
735 3993 839 4064 Keys),
859 3995 932 4048 unde
947 3995 1066 4048 fortasse
1080 3995 1142 4048 lota
1155 3995 1215 4047 vite
1228 4012 1295 4064 pen·

154 4073 195 4130 det
255 4083 289 4130 17
310 4073 406 4144 ἕτερον
421 4092 484 4128 oum
499 4073 630 4127 Philoslr.
646 4073 699 4127 del.
715 4075 882 4144 Bernhardy
938 4081 970 4128 18
990 4070 1094 4143 συχνὸν
1111 4074 1293 4128 Ηιυιείσιίικε.

215 4154 301 4218 DCLI
315 4153 442 4208 Eundem
453 4154 572 4210 fortasse
582 4172 642 4210 esse
653 4174 715 4209 oum
725 4173 759 4210 eo
768 4156 930 4223 Polemone,
944 4172 1028 4223 quem
1039 4153 1164 4207 laudavit
1174 4153 1294 4208 Lauren-

155 4233 202 4288 tius
219 4236 323 4304 Lydus,
342 4235 377 4288 de
392 4234 580 4303 Mag.111,4e
602 4233 736 4304 Πολέμων
761 4230 793 4288 έν
816 4233 929 4306 πέμπτη
951 4230 1125 4303 Ἐξηγήσεαν
1149 4234 1198 4302 τής
1221 4229 1294 4287 κατά

156 4309 297 4369 Αουκανδν
316 4309 366 4368 τὸν
380 4310 523 4383 Ῥωμαίων
547 4311 691 4383 ἐμφυλίων
711 4317 874 4385 συγγραφῆς
894 4315 1007 4385 putavit
1021 4314 1197 4384 Bernhardy,
1220 4314 1295 4382 quod

157 4392 196 4447 vix
212 4393 359 4464 probabile
374 4397 418 4448 ost
471 4401 505 4449 20
519 4393 569 4448 καλ
585 4394 690 4448 delevit
704 4397 854 4463 Καείαυε,
874 4397 922 4449 sed
942 4395 976 4450 of.
992 4394 1102 4459 Rohde,
1120 4393 1190 4447 Mus.
1205 4394 1293 4448 Rhen.

160 4471 267 4528 XXXIV
281 4491 308 4542 p.
324 4479 375 4527 620
411 4471 539 4545 Κομώδῳ
558 4479 581 4525 V
