2910 5056
616 310 830 371 HESYOHTUS.
1251 311 1292 376 67

147 472 167 545 δ
190 475 379 563 νομοθέτης
397 474 611 563 μεμφόμενος
628 479 687 562 τῆς
705 474 832 556 πόλεως
849 473 1027 563 κάθαρσιν.
1059 473 1115 541 καὶ
1133 477 1294 563 παροιμία

147 581 203 652 ’τὸ
224 581 467 671 ’Βλπιμενίδειον
491 583 613 671 δέρμα’
637 585 689 651 ἐπὶ
712 587 780 652 τῶν
803 581 1005 668 άκοθέτων].

239 689 360 758 OOLV.
393 689 590 770 Ἐπίνικος
617 689 672 757 καὶ
700 687 800 769 αὐτὸς
829 688 982 777 κωμικός.
1022 692 1091 756 τῶν
1115 686 1294 778 δραμάτων

148 793 255 865 αύτοῦ
278 799 369 864 ἐστιν
387 794 687 884 Ὑποβαλλόμεναι,
710 795 755 877 ῶς
774 795 961 884 Ἀθήναιος.

240 904 377 973 CCLVI.
417 901 685 992 Ἐπιφάυιος
713 901 911 973 Οὐλπιανοῦ
934 912 1098 991 Πετραῖος
1122 900 1322 989 σοφιστής,ε

148 1009 333 1090 παιδεύσας
351 1016 388 1079 ἒν
405 1037 444 1079 τε.
459 1008 543 1100 αὐτῇ
563 1012 618 1079 καί
637 1014 674 1079 ἑν
690 1009 857 1098 Ἀθήναις.
884 1017 1006 1100 ἔγραψε
1025 1010 1100 1098 περὶ
1119 1015 1298 1090 κοινωνίας

148 1118 206 1186 καὶ
230 1121 394 1206 διαφοράς
412 1121 480 1187 τῶν
501 1117 662 1204 στάσεων,
684 1119 982 1207 προγυμνάσματα,
999 1119 1148 1206 μελέτας,
1172 1115 1297 1205 δημάρ-

148 1251 246 1312 χους,
268 1224 526 1314 πολεμαρχικόυ,
549 1224 672 1311 λόγους
695 1223 934 1322 ἐπιδεικτικούς
956 1231 1014 1293 καί
1033 1251 1109 1294 τινα
1133 1224 1298 1312 σύμμικτα

148 1331 362 1423 θεωρήματα.
751 1325 754 1332 ’

241 1439 395 1508 OOLVII.
433 1437 663 1527 Ἐπιφάνιος
692 1443 948 1519 Κωνσταντείας
974 1442 1032 1526 τῆς
1060 1437 1202 1527 Κύπρου
1231 1438 1299 1504 ἐπί·
1314 1458 1339 1498 10

150 1564 290 1633 σκοπος,
318 1550 376 1634 τῆς
405 1546 570 1635 πρότερον
592 1553 796 1634 Σαλαμίνης.
842 1553 965 1634 ἔγραψε
987 1543 1069 1614 κατὰ
1092 1547 1209 1613 πασῶν
1231 1547 1299 1611 τῶν

151 1653 313 1740 αἱρέσεων
332 1653 464 1741 λόγους,
487 1650 508 1722 δ
527 1653 675 1742 κανάρια
694 1656 858 1741 λέγονται,
876 1654 932 1722 καὶ
953 1656 1047 1740 ἕτερα
1065 1651 1183 1739 πολλά,
1203 1649 1300 1719 άτινα

150 1756 242 1847 παρά
265 1759 328 1848 μὲν
343 1763 412 1828 τῶν
431 1762 704 1848 πεπαιδευμένων
725 1757 781 1828 διὰ
799 1758 839 1828 τά
858 1758 1049 1847 πράγματα,
1067 1756 1156 1844 παρὰ
1177 1756 1214 1824 δὲ
1231 1761 1301 1825 τῶν

153 1869 299 1935 ίδιωτῶν
318 1865 374 1934 διά
392 1866 433 1935 τά
452 1865 581 1955 ῥήματα
600 1864 874 1954 άναγιυύσκεται.
908 1868 1043 1955 τελευτᾷ
1063 1862 1300 1953 ἐσχατογήρως.

243 1982 415 2051 OOLVHI.
440 1980 673 2071 Ἐπίχαρμος
696 1981 839 2067 Τιτύρου
857 1977 877 2069 ἢ
897 1980 1051 2069 Χιμάρου
1068 1982 1123 2049 καί
1142 1983 1301 2068 Σηκίδος,
1316 1999 1342 2040 15

152 2087 389 2176 Συρακούσιος
411 2084 492 2176 δ’ἐκ
520 2091 646 2168 πόλεως
672 2092 831 2176 Κραστοῦ
860 2093 927 2157 τῶν
956 2092 1129 2175 Σικανῶν,
1162 2084 1199 2168 ὃς
1226 2079 1303 2175 εὗρε

152 2193 216 2282 τὴν
251 2201 430 2292 κωμῳδίαν
468 2197 505 2264 ἐν
539 2195 776 2285 Συρακούσαις
808 2194 877 2284 ἅμα
912 2195 1047 2287 Φόρμςο.
1102 2199 1233 2278 ἐδίδαξε
1265 2194 1303 2264 δὲ

154 2301 309 2390 δράματα
331 2305 401 2390 νβ’,
424 2300 469 2384 ῶς
492 2302 529 2370 δὲ
552 2302 676 2371 Λύκων
700 2309 795 2391 φησί,
818 2303 873 2372 λε’.
910 2303 997 2384 τινὲς
1020 2303 1057 2372 δὲ
1076 2302 1181 2373 αὐτὸν
1200 2307 1303 2395 Κῷον

153 2409 349 2499 ἀνέγραψαν
381 2414 449 2480 τῶν
479 2408 559 2497 μετὰ
583 2408 731 2496 Κάδμου
759 2414 806 2491 είς
833 2416 992 2478 Σικελίαν
1024 2410 1303 2498 μετοικησάυτων,

154 2513 251 2584 ἄλλοι
275 2516 425 2604 Σάμιον,
449 2515 544 2584 άλλοι
568 2514 739 2605 Μεγάρων
763 2521 830 2584 τῶν
854 2520 891 2585 ἐν
914 2523 1062 2609 Σικελία.
1107 2509 1150 2605 ἦν
1175 2517 1212 2585 δὲ
1234 2515 1299 2604 πρὸ
1316 2534 1342 2573 20

154 2625 223 2691 τῶν
246 2627 423 2711 Περσικῶν
448 2628 502 2710 ίτη
528 2622 555 2696 ς’
576 2621 746 2692 διδάσκων
766 2626 802 2692 ἐν
822 2623 1071 2713 Συρακούσαις·
1095 2626 1132 2692 ἐν
1152 2623 1189 2692 δὲ
1205 2621 1300 2710 Ἀθή-

154 2756 230 2810 ναις
253 2727 380 2817 Εύίτης
402 2732 458 2800 καλ
482 2727 667 2817 Εὐξενίδης
689 2732 744 2799 καί
768 2729 909 2812 Μύλλος
927 2734 1170 2801 ἐπεδείκνυντο.

156 2955 333 3010 enumeravit
350 2954 420 3008 Eud.
439 2974 465 3025 p.
481 2960 532 3010 201
548 2970 605 3023 seq.
625 2957 655 3009 et
675 2959 729 3007 οοᾱ.
748 2960 808 3008 Par.
824 2955 926 3010 26001.
942 2971 978 3024 ο.;
998 2955 1033 3010 de
1048 2956 1149 3026 quibus
1163 2973 1189 3011 v.
1203 2953 1305 3009 Mtiller

155 3034 196 3092 IV
214 3053 242 3106 p.
262 3041 315 3090 404
1370 3096 1372 3102 ,

228 3114 324 3171 chv
341 3116 417 3172 Εαιί.
437 3134 464 3186 p.
480 3121 541 3170 290.
569 3115 698 3170 Meineke
713 3116 725 3168 Ι
739 3133 766 3185 p.
781 3120 842 3170 481.
870 3114 912 3171 De
925 3114 1064 3185 Hesychio
1084 3117 1197 3172 dubitat
1209 3116 1304 3184 Βακδ,

156 3197 192 3252 de
208 3194 285 3251 Suid.
300 3196 319 3254 l.
334 3214 358 3252 ο.
412 3202 429 3251 4
447 3191 485 3260 ῶς
499 3228 534 3238 -
548 3197 612 3252 exit.
628 3215 681 3252 om.
696 3197 772 3251 Eud.
806 3195 846 3252 Of.
865 3198 967 3251 Athen.
987 3196 1025 3251 XI
1044 3217 1070 3268 p.
1089 3204 1151 3267 469,
1170 3202 1231 3265 479,
1252 3201 1303 3251 500

229 3275 337 3332 CCLVI
354 3277 431 3334 Εκδ.
450 3297 477 3348 p.
496 3283 558 3347 287,
576 3294 648 3347 quae
666 3294 720 3332 om.
740 3274 946 3340 παιδεύσας-
962 3273 1093 3347 Ἀθήναις
1165 3284 1179 3332 7
1199 3279 1304 3347 δημαρ-

155 3351 239 3427 χικὸν
257 3356 304 3412 vel·
322 3353 514 3428 δημαρχικούς
531 3358 640 3413 mavult
657 3359 794 3415 Καείεναε
866 3364 882 3412 8
901 3358 1113 3428 πολεμαρχικῶν
1132 3362 1155 3410 Δ

230 3434 351 3490 cowll
373 3437 717 3507 Ηίωοκγικκε-δομλτοκ.
737 3455 760 3493 ο.
782 3444 840 3492 114.
877 3438 1009 3507 Hesychii
1031 3437 1119 3494 vitam
1143 3454 1204 3493 esse
1223 3435 1321 3491 docui'

155 3515 228 3573 Mus.
248 3516 337 3571 Rhen.
357 3514 460 3570 XXXV
478 3534 505 3586 p.
520 3521 573 3571 200
647 3522 680 3572 10
698 3519 898 3588 ΣαλαμίνηςΔ
917 3522 1079 3588 Σαλαμῖνος
1096 3520 1166 3588 vulp.
1188 3512 1305 3586 Κύπρου

157 3597 325 3666 Σαλαμίνης
343 3591 433 3651 ἐπιοκ.
453 3594 535 3664 Soph.
592 3602 625 3650 14
644 3600 785 3666 περίεστιν
803 3592 868 3667 άχρι
886 3599 971 3653 τοῦδε
991 3599 1039 3652 καλ
1059 3595 1091 3653 ἒν
1108 3595 1215 3670 ἐσχάτῳ
1234 3595 1306 3673 γήρᾳ

158 3679 275 3732 ποικίλα
294 3672 441 3730 σνντάττει
459 3674 662 3747 συγγράμματα
682 3678 764 3747 Soph.

231 3754 366 3811 CCLVIII
383 3756 459 3812 Εκδ.
479 3775 506 3825 p.
526 3762 579 3813 290
662 3764 694 3812 15
716 3754 894 3829 ΤιτύρρουΔ
920 3756 1046 3829 Χιμάρον
1065 3760 1232 3830 Bernhardy
1250 3779 1305 3830 γει-

161 3834 271 3909 μάρρου
289 3841 313 3889 Δ
332 3831 470 3907 γειμάρου
489 3837 525 3894 al.
598 3840 721 3906 Σηκίὸος
740 3839 811 3894 coni.
830 3838 995 3910 Bernhardy
1018 3842 1125 3902 σικίὸος
1147 3840 1213 3895 libri
1288 3834 1306 3907 ἢ

160 3913 293 3988 Χιμάρον
313 3947 347 3958 —-
365 3919 489 3986 Σηκίὸος
508 3936 561 3973 om.
581 3919 657 3974 Εαδ.
691 3919 731 3975 Cf.
752 3917 1123 3988 50ορ11.Βγτ.υ.Κροιοτός
1183 3928 1214 3975 10
1232 3924 1307 3989 Κρα·

162 3997 229 4053 στοά
243 3997 344 4067 scripsi
357 4015 420 4053 cum
435 3999 642 4069 8οερ11.Βγκ.ρ.
654 4007 714 4069 382,
727 4006 768 4070 13,
783 4017 838 4070 quo
853 3999 886 4054 de
902 4004 964 4055 loeo
979 4001 1013 4056 cf:
1023 4000 1131 4071 Rohde‚
1141 3992 1210 4056 Μοε.
1220 4003 1307 4055 Rhen.

161 4077 279 4133 XXXIV
292 4096 319 4148 p.
331 4082 382 4134 069
395 4074 526 4148 Κράοτον
539 4079 612 4148 vulp.
664 4080 760 4134 κανῶν
774 4096 824 4150 pro
844 4083 906 4136 Σικ.
921 4085 1016 4135 EAM.
1031 4082 1107 4136 Eud.
1171 4086 1203 4134 18
1221 4076 1307 4152 ηβὛ

165 4153 214 4231 μβ’
234 4173 306 4213 corr.
325 4157 425 4228 Βιτρλι.
443 4155 504 4214 rell.
524 4175 594 4213 com.
613 4159 663 4214 att.
682 4177 709 4227 p.
727 4166 776 4216 149
795 4155 842 4231 νβ’
862 4161 935 4230 vulp.
955 4155 984 4214 δ’
1000 4157 1162 4222 Ἑλικάυιος
1183 4177 1234 4229 pro
1275 4157 1307 4214 δὲ

164 4233 353 4311 Δίκωνςοοιιί.
372 4237 481 4306 Rohde,
501 4237 576 4308 quod
592 4238 763 4309 improbavit
776 4240 875 4310 Βακλι,
894 4241 928 4294 de
944 4238 1021 4295 Suid.
1035 4259 1062 4309 p.
1078 4240 1201 4295 41ουο1.
1217 4245 1251 4293 55
1271 4235 1308 4302 ὡς

166 4315 196 4371 δὲ
215 4311 364 4372 Λύκων-
380 4317 446 4373 exit
461 4335 515 4373 om.
530 4318 605 4373 Eud.
661 4325 696 4374 20
714 4313 750 4389 ἦν
770 4319 801 4375 δὲ
821 4322 877 4374 τῶν
896 4317 950 4390 πρὸ
969 4321 1025 4374 τῶν
1044 4322 1117 4372 m
1175 4325 1209 4373 22
1229 4314 1309 4374 Μύλ-

168 4399 211 4459 λος
228 4414 297 4455 corr.
313 4399 438 4454 Meineke
457 4400 469 4453 1
487 4418 515 4469 p.
530 4405 563 4454 20
582 4399 681 4461 Μάιος
698 4405 721 4453 Δ
739 4396 837 4463 Μύλας
855 4403 926 4470 vulp.
956 4401 1073 4454 Euetem
1092 4401 1121 4453 et
1134 4400 1307 4455 Euxenidem

169 4480 274 4548 praeter
294 4479 409 4536 Suidam
429 4481 570 4536 neminem
589 4497 819 4538 commemorasse
839 4481 911 4538 vidit
929 4482 1056 4537 Μιίκελιι
1073 4481 1092 4536 1.
1107 4499 1131 4540 ο.

1059 4569 1096 4626 5*
