2880 5054
610 306 822 362 Ηεενοειυε.
1221 310 1283 373 221

135 466 246 555 θῆρα,
279 468 335 535 καὶ
363 464 567 552 ἀποτμηθεὶς
598 464 660 553 τῆν
692 472 841 553 γλῶτταν
868 465 1047 536 ἀπέθανεν.
1098 466 1116 536 ὁ
1148 469 1185 536 δὲ
1212 468 1287 549 υίὸς

134 572 244 643 αὐτοῦ
273 574 485 654 Γλαύκιππος
516 570 556 641 τά
591 571 672 641 ὀστᾶ
704 573 816 661 λαβὼν
849 579 896 654 είς
928 573 965 642 τὸ
995 579 1150 667 πατρῷον
1179 581 1285 657 ἔθαψε

134 687 264 770 μνῆμα.
311 681 376 750 είσὶ
400 681 437 749 δὲ
462 684 497 749 οί
516 680 637 760 πάντες
659 679 755 767 λόγοι
779 678 884 749 αὐτοῦ
907 681 971 762 νς’.

228 790 445 856 ΒΟΟΟΧἯΙ.
485 793 719 876 Φαβωρῖνος
738 784 915 875 Ἀρελάτου
938 793 997 875 τῆς
1019 792 1056 856 ἐν
1079 794 1204 879 Γαλλίᾳ
1227 789 1285 858 πό-

131 906 230 982 λεως,
255 894 341 984 άνῆρ
364 895 565 984 πολυμαθῆς
582 894 664 963 κατὰ
682 900 794 963 πάσαν
813 900 980 983 παιδείαν,
1003 897 1149 984 γεγονὼς
1168 898 1206 964 δὲ
1223 896 1312 983 τῆνε

131 1008 197 1073 τοῦ
215 1003 367 1090 σώματος
382 1005 451 1084 ἕξιν
467 1001 720 1091 [άνδρόμυνος],
739 1001 780 1071 ὅν
795 1023 901 1090 φασιν
915 1003 1173 1092 ἕρμαφρόδιτον,
1193 1011 1286 1090 φιλο·

133 1117 263 1198 σοφίας
285 1109 414 1197 μεστός,
440 1113 598 1199 ῥητορικῇ
623 1110 661 1178 δὲ
678 1114 809 1198 μάλλον
831 1111 1041 1197 ἐπιθέμενος,
1064 1107 1210 1197 γεγονώς
1234 1111 1285 1177 ἐπὶ

137 1222 315 1307 Τραϊανοῦ
344 1222 405 1285 τοῦ
429 1223 616 1306 Καίσαρος,
643 1218 699 1284 καὶ
726 1223 925 1304 παρατείνας
952 1219 1047 1305 μέχρι
1070 1221 1137 1285 τῶν
1157 1214 1285 1305 Ἀδρια-

130 1330 200 1393 νοῦ
230 1324 363 1411 χρόνων
394 1329 455 1392 τοῦ
478 1326 648 1411 βασιλέως.
694 1321 976 1411 άντεφιλοτιμείτο
1001 1328 1085 1409 γοῦν
1107 1325 1162 1392 καὶ
1187 1328 1285 1410 ζῆλον

130 1429 202 1519 εἶχε
230 1430 315 1520 πρὸς
342 1430 564 1520 Πλούταρχον
594 1429 655 1501 τὸν
684 1432 860 1520 Χαιρωνέα
889 1434 921 1511 ἐς
947 1431 984 1500 τὸ
1013 1437 1081 1501 τῶν
1111 1452 1284 1499 σννταττο·
1299 1453 1325 1492 10

130 1540 250 1625 μένων
273 1543 415 1625 βιβλίων
438 1536 586 1624 άπειρον.
632 1539 812 1627 γέγραπται
836 1542 921 1625 γοῦν
945 1537 1033 1628 αὐτῷ
1058 1537 1230 1625 φιλύσοφά
1249 1563 1284 1604 τε

129 1646 189 1712 καὶ
221 1643 388 1733 ἱστορικά,
417 1635 465 1712 ὧν
493 1644 598 1724 πολὺς
620 1644 774 1733 άριθμός.
821 1650 889 1713 ἔστι
913 1645 951 1712 δὲ
974 1646 1029 1712 καὶ
1052 1648 1120 1712 τῶν
1143 1649 1285 1730 βιβλίων

130 1749 243 1820 αὐτοῦ
266 1755 383 1818 ταῦτα·
406 1751 481 1838 περὶ
504 1755 562 1836 τῆς
578 1747 726 1837 Ὁμήρου
749 1756 960 1838 φιλοσοφίας,
984 1753 1059 1839 περὶ
1082 1751 1286 1839 Σωκράτους

132 1860 192 1926 καὶ
221 1863 281 1944 τῆς
307 1855 378 1925 κατ’
410 1856 513 1926 αὐτὸν
544 1860 702 1946 ἐρωτικῆς
729 1860 857 1944 τέχνης,
886 1861 961 1946 περὶ
985 1858 1181 1942 Πλάτωνος,
1209 1858 1284 1946 περὶ

127 1969 192 2052 τῆς
226 1967 359 2049 διαίτης,
386 1966 455 2030 τῶν
487 1962 686 2049 φιλοσόφων
717 1964 772 2030 καὶ
804 1962 897 2031 άλλα.
948 1955 1046 2043 οὗτος
1073 1971 1195 2053 ἔγραψε
1228 1965 1282 2032 καὶ
1298 1986 1324 2025 15

129 2070 380 2158 γνωμολογικά.

223 2178 458 2247 DOOOXVHI.
504 2182 665 2245 Φαίδων
690 2176 817 2258 Ἠλεῖος
846 2176 1050 2265 φιλόσοφος,
1080 2177 1284 2267 Σωκράτους

128 2284 315 2371 άκονστῆς,
346 2281 383 2364 δς
409 2277 488 2373 ῆρξε
516 2289 574 2371 τῆς
593 2281 748 2371 Ἠλιακῆς
775 2283 831 2352 ἀπ’
862 2281 967 2353 αὐτοῦ
996 2292 1177 2372 κληθείσης
1199 2286 1284 2374 αίρέ-

129 2415 229 2478 σεως,
254 2391 326 2479 ῆτις
344 2390 487 2481 ὕστερον
505 2391 570 2461 άπδ
589 2392 796 2479 Μενεδήμου
814 2397 875 2460 τοῦ
891 2391 1080 2481 Ἐρετριέως
1091 2390 1281 2480 Ἐρετριακῆ

127 2498 403 2589 προσηγορεύθη.
463 2502 584 2567 τοῦτον
627 2500 751 2584 συνέβη
792 2503 926 2587 πρῶτον
968 2498 1179 2587 αἰχμάλωτον
1215 2495 1280 2566 ὑπὸ
1296 2520 1322 2558 2⁰

124 2604 251 2675 Ἰνδῶν
276 2609 461 2693 ληφθῆναι,
485 2603 555 2673 εἶτα
574 2606 716 2690 πραθεὶς
734 2610 953 2697 πορνοβοσκῷ
972 2633 1039 2674 τινι
1059 2606 1201 2694 προέστη
1220 2603 1278 2672 ὑπ’

129 2713 240 2781 αὐτοῦ
273 2711 357 2801 πρδς
389 2713 560 2799 ἑταίρησιν
588 2715 624 2781 ἐν
649 2711 817 2798 Ἀθήναις.
870 2712 1018 2800 ἐντυχὼν
1046 2713 1084 2780 δέ
1111 2715 1282 2801 Σωκράτει

130 2821 345 2911 ἐξηγουμένφ
373 2817 509 2907 ῆράσθη
536 2824 605 2888 τῶν
633 2819 743 2905 λόγων
777 2817 882 2888 αὐτοῦ
912 2821 967 2888 καὶ
995 2825 1082 2888 αίτεῖ
1104 2820 1282 2889 λύσασθαι.

129 2925 149 2994 ὁ
172 2927 210 2995 δὲ
230 2931 342 2994 πείθει
359 2923 573 3013 Ἀλκιβιάδην
595 2932 758 3015 πρίασθαι
783 2926 905 3012 αὐτόν,
928 2928 983 2994 καί
1002 2920 1045 3014 ῆν
1065 2926 1102 2996 τδ
1123 2929 1282 2996 ἐντεῦθεν

130 3033 332 3120 φιλόσοφος.
384 3033 535 3120 διάλογοι
567 3033 604 3101 δέ
633 3032 737 3102 αὐτοῦ
766 3034 945 3122 Ζώπυρος,
974 3034 1123 3121 Μῆδιος,
1151 3041 1323 3122 Σίμων,25

130 3136 370 3227 Ἀντίμαχος”
352 3168 371 3226 η
396 3140 604 3229 Πρεσβύτης,
628 3147 759 3226 Νικίας,
784 3147 941 3292 Σιμμίας,
963 3139 1181 3228 Ἀλκιβιάδης,
1201 3148 1281 3228 Κρι-

132 3246 265 3326 τόλαος

134 3396 351 3403 ——-——-

206 3488 223 3534 3
243 3474 290 3551 νβ’
311 3479 506 3549 corrigendum
525 3495 584 3532 esse
604 3476 676 3532 vidit
694 3479 860 3550 Bernhardy

203 3559 379 3615 DOOCXVII
398 3559 439 3616 ef.
456 3558 617 3615 Philostrat.
637 3559 693 3613 Vit.
712 3559 738 3626 I,
758 3566 783 3614 8.
820 3560 1033 3629 Praeceptorem
1056 3559 1142 3615 fuisse
1162 3558 1282 3614 Herodis

129 3642 221 3698 Attici
240 3643 324 3696 docet
341 3660 366 3696 v,
382 3636 508 3710 Ἡρώδης
562 3647 580 3694 4
595 3635 738 3709 Ἀρελάτον
758 3657 826 3697 corr.
842 3658 875 3695 ex
892 3641 1023 3696 Ρίιίίοελν,
1039 3636 1183 3711 Ἀρλεάτου
1199 3646 1282 3695 ΗΠ

130 3715 581 3791 Δ11.ἍρλεάτουΒΕἎρελλάτον
596 3725 655 3773 Bas.
706 3721 927 3790 eglossemede
942 3720 1044 3776 seclusi
1095 3728 1126 3776 11
1144 3723 1282 3795 βιβλίονν

129 3804 204 3873 γοῦν
219 3808 272 3855 AV
318 3794 370 3857 ούν
387 3803 460 3871 vulp.
531 3806 564 3854 14
582 3800 757 3855 desideratur
771 3796 947 3871 Παντοδαπῆ
963 3794 1030 3871 ύλη,
1050 3802 1084 3857 de
1099 3819 1155 3871 qua
1169 3801 1281 3856 omnino

133 3882 169 3936 cf.
190 3882 296 3936 Miiller
314 3881 398 3953 IIIp.
414 3887 466 3935 579
481 3897 538 3950 seq.
1199 3903 1204 3910 ·

204 3970 392 4027 Deecxvlss
414 3971 491 4025 Εαιί.
515 3988 542 4038 p
563 3974 622 4023 719.
665 3968 705 4023 cf
725 3968 806 4039 Diog
825 3971 864 4038 ΙΙ,
890 3976 949 4025 105.
993 3919 1086 4026 Pausa
1108 3970 1282 4039 deprompsit

130 4054 259 4109 Pseudo·
250 4053 383 4124 ἫΗαεμοίι
403 4069 426 4106 e.
443 4057 477 4106 70
560 4031 841 4117 11Σωιρ.ἄι.οω
860 4055 883 4101 A
962 4045 1029 4104 18³⁸
1013 4072 1045 4113 ος
1062 4041 1183 4119 ῆρξε-
1202 4047 1280 4117 φιλό-

130 4152 221 4203 σοφος
240 4150 295 4189 om.
310 4132 386 4188 Eud.
401 4146 522 4203 pergens
537 4129 674 4199 φέρονται
692 4125 780 4183 αύτου
767 4126 922 4224 διάλογοι
980 4123 1280 4200 21ί1ηττωνρτοᾞ1νδ

133 4213 240 4272 Portus
258 4231 342 4266 τινων
358 4210 509 4279 Messapiae
533 4210 569 4263 ad
588 4210 668 4279 Diog.
720 4204 770 4263 ὑπ’
788 4203 927 4277 Ἀρκάδων
946 4209 1088 4264 haesitans
1107 4208 1280 4274 Gutsehmid3

132 4312 157 4348 v.
166 4291 355 4347 Wachsmuth
360 4332 369 4358 ,
388 4289 480 4359 Symb.
499 4308 526 4360 p.
543 4295 593 4343 142
675 4296 708 4343 22
733 4288 772 4342 sie
791 4305 860 4344 corr.
877 4289 1040 4359 Μακαρίαν,
1065 4283 1200 4357 έταίριτιν
1223 4287 1280 4357 (vel

133 4370 284 4442 ἓταιρίσιν,
303 4370 343 4426 sic
361 4373 432 4440 Ale)
446 4375 499 4423 BH
511 4371 598 4439 δαίμ,
621 4365 772 4438 ἑταίροισιν
791 4374 822 4433 V,
842 4364 976 4439 ἕταίρισιν
994 4368 1162 4440 Bernhardy

132 4460 168 4508 26
188 4453 321 4522 Σκαμίας
340 4451 416 4506 Eud.
436 4467 508 4521 quae
528 4469 548 4506 s.
568 4451 613 4506 fin.
633 4450 695 4504 add.
716 4447 765 4504 καὶ
783 4443 854 4503 άλλα
