2910 5056
557 321 840 410 Pnonaconnria

529 631 650 722 Caput
675 631 846 705 alterurn.

111 815 161 870 De
190 813 230 870 iis
257 813 368 881 libris,
398 813 525 884 quibus
548 813 784 882 onomatologi
811 811 975 882 reliquiae
1003 816 1159 870 servatae
1182 814 1259 871 sint.

202 964 354 1030 Omnium
378 966 503 1051 primus
521 964 679 1050 Hesychii
696 966 971 1050 Onomatologum
995 965 1045 1029 vel
1064 965 1132 1029 eius
1156 965 1260 1050 epito-
1284 971 1304 1048 ξ
1326 971 1340 1032 1

111 1094 186 1137 men
204 1072 353 1137 adhibuit
373 1073 591 1138 scholiasta
605 1074 844 1152 Platonicus
864 1073 949 1157 quod
963 1071 1129 1157 perspexit
1142 1071 1260 1154 Rohde,

110 1179 193 1244 Mus.
211 1178 315 1243 Rhen.
334 1178 479 1244 XXXIII
506 1204 536 1264 p.
556 1179 636 1263 205,
665 1180 721 1264 qui
744 1179 966 1265 Pythagorae,
994 1176 1135 1262 Solonis,
1163 1175 1259 1244 Creo·

110 1286 215 1370 phyli,
238 1287 452 1371 Protagorae,
475 1286 604 1352 Prodici
626 1287 712 1351 vitas
736 1286 770 1350 in
794 1285 925 1351 scholiis
949 1285 990 1350 ad
1010 1284 1259 1369 Rempublicam

110 1393 248 1458 servatis
277 1391 339 1480 (VI
366 1416 397 1478 p.
416 1393 480 1458 359
504 1416 570 1478 seq.
597 1391 722 1479 Herm.)
758 1415 797 1458 ex
828 1392 988 1478 Hesychii
1019 1391 1259 1476 Onomatologo

109 1500 242 1564 fluxisse
266 1499 507 1566 demonstravit.
554 1500 677 1576 Quibus
700 1521 761 1586 ego
785 1499 912 1565 Unter's.
931 1522 961 1584 p.
981 1499 1022 1564 87
1048 1499 1150 1563 adieci
1174 1499 1259 1562 vitas

109 1606 272 1692 Thaletis,
305 1606 459 1692 Lycurgi,
491 1606 691 1672 Anacharsis
723 1606 889 1692 fusiusque
922 1605 968 1670 ibi
998 1605 1039 1670 'de
1072 1604 1260 1669 diversitate

107 1712 259 1777 lectionis
288 1713 466 1797 disputavi,
492 1713 536 1778 ib.
554 1737 585 1798 p.
604 1714 648 1779 90
671 1735 708 1777 ex
732 1713 866 1778 scholiis
890 1713 924 1777 in
948 1711 1152 1776 Alcibiadem
1175 1710 1259 1774 vitas

110 1819 249 1884 Zenonis
268 1823 302 1884 et
316 1819 530 1906 Anaxagorae
550 1818 611 1907 (VI
626 1842 657 1904 p.
672 1817 751 1905 279)
770 1820 902 1884 fluxisse
916 1818 1103 1883 dubitanter
1118 1816 1260 1901 suspica·

109 1930 173 1990 tus.
218 1924 322 2002 Quam
346 1927 570 2010 quaestionem
593 1926 778 2009 nuperrime
801 1924 994 1989 retractavit
1017 1923 1193 2002 Mettauer,
1221 1923 1259 1986 de

108 2031 194 2096 Plat.
209 2031 309 2097 schol.
323 2032 470 2097 fontibus
486 2031 608 2118 (Turici
625 2029 741 2117 1880),
761 2031 818 2117 qui
832 2030 870 2095 de
885 2030 1050 2107 nonnullis
1070 2028 1161 2112 vitis,
1179 2051 1260 2113 quas

110 2137 206 2202 modo
226 2138 421 2222 enumeravi,
445 2161 512 2204 11011
531 2137 697 2222 dubitasse
716 2138 853 2218 videtur,
878 2137 951 2202 aliis
969 2138 1005 2200 in
1023 2135 1259 2201 dubitationem

109 2244 242 2310 vocatis.
250 2243 275 2331 ¹)
304 2244 425 2328 Atque
444 2229 604 2309 Heracliti
629 2245 771 2328 priorem
801 2246 944 2330 glossam
962 2245 1004 2308 ib.
1023 2265 1054 2327 p.
1074 2244 1116 2308 59
1144 2242 1259 2307 merito

108 2351 232 2416 nonde
251 2350 414 2435 Hesychio
433 2352 582 2436 pendere,
602 2352 657 2415 sed
676 2351 715 2417 de
734 2350 898 2416 Plutarch.
917 2350 1003 2415 Plac.
1017 2350 1097 2434 phil.
1111 2349 1152 2433 lI,
1171 2350 1259 2433 22,2

109 2463 144 2522 et
167 2459 223 2542 24,
246 2459 276 2542 3,
294 2459 330 2537 4,
356 2458 488 2522 alterius
512 2457 672 2543 originem
697 2452 819 2543 (ἄλλως
839 2453 1064 2543 Ἡράκλειτος)
1088 2457 1259 2521 obscuram

109 2587 180 2630 esse
214 2566 349 2631 monuit.
399 2564 514 2629 Dionis
550 2570 659 2628 autem
691 2563 866 2648 Hipparini
897 2563 1000 2629 vitam
1032 2561 1094 2648 (VI
1126 2587 1157 2647 p.
1178 2561 1258 2649 391)

108 2673 197 2735 recte
216 2670 381 2755 Hesychio
402 2670 613 2754 substituens,
637 2692 748 2735 rursus
767 2671 930 2736 dubitavit
947 2670 986 2735 de
1004 2668 1095 2733 fonte
1115 2667 1260 2755 Sappho·

108 2777 161 2842 nis
181 2774 225 2862 (p.
242 2767 340 2863 266),
359 2777 575 2848 Anacreontis
597 2773 684 2863 (ib),
708 2775 936 2863 Anaxagorae,
955 2775 1094 2840 Zenonis
1110 2775 1153 2862 (p.
1169 2775 1260 2862 279),

109 2896 175 2969 qua
199 2885 233 2948 in
260 2905 295 2948 re
317 2906 384 2948 non
412 2906 523 2948 verum
551 2906 624 2949 eum
648 2884 767 2948 vidisse
791 2884 951 2968 suspicor,
979 2905 1052 2948 cum
1076 2881 1259 2968 Sapphonis

109 2991 311 3075 Zenonisque
332 2990 419 3055 vitae
443 3013 482 3056 ex
505 2994 597 3074 parte
624 2995 771 3056 servatae
795 2990 974 3071 certissima
998 2991 1135 3076 originis
1157 2989 1260 3073 Hesy-

110 3097 246 3162 chianae
269 3096 410 3183 vestigia
434 3098 664 3165 demonstrent.

186 3220 289 3287 'Idem
308 3223 358 3287 vir
377 3222 585 3289 doctissimus
605 3224 691 3289 vitas
710 3223 830 3304 Tisias,
850 3222 1006 3311 Gorgiae,
1024 3225 1166 3308 Prodici,
1185 3224 1258 3304 Poli

111 3326 156 3416 (p.
171 3330 238 3394 274
256 3319 311 3416 Η.)
344 3329 498 3396 Hermiae
535 3331 774 3397 commentariis
810 3331 918 3396 deberi
951 3332 1093 3417 putavit,
1126 3330 1259 3416 Tyrtaei

110 3440 144 3499 et
163 3431 362 3521 Theognidis
381 3435 427 3524 (p.
442 3438 508 3503 375
521 3436 576 3524 Η.)
590 3438 704 3519 Procli
730 3438 861 3503 scholiis
880 3438 1059 3504 Platonicis
1078 3438 1132 3523 (cf.
1146 3462 1177 3524 p.
1191 3435 1259 3525 29),

109 3543 197 3606 haud
227 3537 316 3608 recte¹
341 3544 380 3608 de
408 3544 532 3609 Timaei
556 3547 600 3631 (p.
610 3545 680 3609 ’364
690 3544 746 3630 Η.)
773 3544 842 3610 vita
876 3546 1057 3631 disputans,
1090 3569 1187 3630 quam
1220 3547 1259 3610 de

110 3648 275 3734 Hesychio
300 3651 494 3717 descendere
516 3651 587 3717 luce
611 3652 729 3716 clarius
753 3655 816 3717 est:
944 3677 945 3680 ¹

114 3792 327 3814 -Ᾰ-..

184 3900 210 3967 1)
234 3896 280 3953 Sic
299 3914 393 3954 errans
412 3917 439 3969 p.
456 3903 489 3953 55
508 3901 565 3955 not.
582 3906 596 3954 1
621 3898 700 3968 apud*
714 3897 831 3954 Suidam
855 3901 950 3955 deesse
969 3901 1081 3957 Prodici
1104 3901 1192 3956 vitam
1213 3919 1258 3957 ex·

112 3979 220 4046 posuit,
237 3977 358 4049 Lycurgi
377 3978 465 4034 vitam
480 3981 605 4032 omnium
619 3978 800 4035 clarissimam
821 3980 870 4048 (VI
884 4000 910 4050 p.
926 3987 978 4036 359
992 3983 1098 4051 Herm.)
1114 3999 1148 4036 ne
1162 3982 1259 4051 tetigit

111 4058 238 4128 quidem,
257 4059 291 4114 de
306 4077 361 4127 qua
379 4077 452 4114 nunc
470 4059 504 4114 cl.
519 4059 630 4126 Rohde,
649 4059 720 4114 Mus.
734 4061 822 4115 Rhen.
838 4060 953 4115 XXXVI
967 4081 995 4133 p.
1010 4067 1071 4116 540.
1109 4062 1259 4130 Creophyli

111 4140 205 4192 autem
229 4139 317 4194 vitam
340 4159 367 4209 p.
387 4145 421 4194 54
444 4141 530 4195 etiam
553 4141 582 4194 in
605 4139 700 4194 Photii
727 4140 817 4195 lexico
844 4140 935 4197 inesse
958 4143 1079 4211 putabat
1102 4142 1200 4210 itaque
1226 4158 1260 4195 ex

112 4217 212 4273 8051111
239 4218 326 4274 Stoici
357 4221 447 4276 lexico
475 4220 621 4275 Platonico
650 4221 838 4290 compilatam.
879 4221 918 4278 At
947 4239 1037 4292 aequo
1065 4222 1259 4292 neglegentius

112 4297 207 4352 Photii
225 4299 374 4355 articulum
392 4301 485 4356 locum
503 4301 547 4355 vir
565 4300 743 4355 doctissimus
761 4300 896 4371 inspexit,
915 4303 1019 4372 quippe
1038 4302 1087 4371 qui
1100 4303 1161 4357 toto
1180 4302 1259 4358 caelo

112 4377 147 4430 ab
160 4379 267 4435 scholio
281 4380 426 4436 Platonico
441 4381 588 4450 discrepet.
616 4381 792 4452 Quapropter
804 4383 877 4438 hanc
892 4399 1002 4453 quoque
1016 4382 1104 4438 vitam
1118 4384 1259 4454 Hesychio

112 4458 178 4515 dare
195 4477 373 4532 nequaquam
391 4463 527 4518 dubitavi.
