2910 5056
151 304 224 359 nnn
569 273 864 361 'raonaoounua

150 490 223 535 cum
251 467 464 534 deterioribus
489 467 605 534 Suidae
634 467 741 553 libris,
772 467 876 534 rarius
908 491 981 534 cunr
1009 467 1039 533 A
1064 469 1116 534 vel
1140 467 1214 553 AV,
1243 491 1298 534 nec

150 576 422 660 praestantiorem
443 576 590 641 codicum
609 576 769 657 familiam
792 597 851 641 nec
870 575 1019 642 viliorem
1038 575 1226 640 communia
1245 576 1299 640 illa

149 706 292 770 unquam
312 684 500 767 praebuisse
521 683 689 769 probabile
715 683 772 768 sit,
797 683 930 749 tertiam
947 683 1042 748 nobis
1056 683 1297 768 praestantissi-

149 814 250 876 mam,
275 813 356 876 quae
384 813 459 856 casu
484 813 618 876 prorsus
642 791 803 856 interierit
830 790 1056 874 Eudociaeque
1072 789 1140 860 ‚soli
1168 794 1297 874 praesto

148 898 260 982 fuerit,
280 897 524 984 supponendam
541 919 611 963 esse
631 897 785 983 sequitur.
810 896 927 962 Suidae
947 901 1056 962 autem
1076 896 1298 982 archetypum,

150 1028 169 1070 a
203 1027 266 1090 quo
299 1005 402 1070 nostri
435 1004 632 1071 descendunt
664 1004 739 1090 AV,
777 1027 849 1070 cum
882 1005 1009 1070 saeculo
1043 1003 1212 1069 undecimo
1248 1005 1298 1071 vel

152 1111 340 1177 duodecimo
360 1112 531 1178 oriundum
552 1135 622 1178 esse
640 1134 771 1177 necesse
790 1112 846 1197 sit,
868 1111 1066 1196 Eudociane,
1095 1133 1177 1196 quae
1201 1112 1298 1178 unde·

112 1253 115 1259 ·
149 1220 232 1284 cirno
258 1219 407 1307 scripsit,
431 1220 572 1286 eiusdem
600 1221 743 1285 familiae
771 1219 914 1285 codicem
937 1241 1005 1284 non
1032 1218 1220 1285 adhibuisse
1243 1241 1298 1304 pu·

148 1326 249 1391 tanda
271 1329 335 1410 est,
363 1326 417 1390 sed
447 1327 545 1391 etiam
570 1325 749 1410 meliorem,
773 1326 911 1392 fortasse
936 1326 1054 1392 saeculi
1078 1326 1208 1411 decimi,
1237 1348 1298 1411 quo

149 1436 285 1497 exeunte
305 1430 421 1498 Suidas
446 1434 576 1517 vixerit,
600 1432 684 1497 idem
704 1433 855 1498 videlicet
874 1435 1052 1518 exemplar,
1076 1432 1163 1518 quod
1182 1431 1298 1498 Suidas

148 1541 217 1623 ipse
242 1539 458 1624 conscripsit?
498 1538 571 1606 Hoc
593 1540 763 1625 probabile
787 1562 870 1625 esse,
895 1541 968 1626 quis
992 1544 1054 1626 est,
1084 1541 1140 1625 qui
1163 1541 1299 1607 credat?

150 1647 195 1712 At
219 1646 247 1711 si
271 1646 421 1712 falsarius
444 1643 572 1711 Pulchii
594 1646 770 1712 Rhenanus
794 1647 913 1712 saeculi
938 1647 1022 1712 sexti
1045 1646 1162 1713 decimi
1185 1646 1298 1714 Viola-

148 1754 234 1819 rium
263 1754 459 1838 composuit,
488 1754 637 1838 eundem,
666 1775 760 1838 quem
788 1752 978 1838 plerumque
1006 1753 1174 1819 vilissimis
1206 1755 1299 1820 libris

147 1883 242 1926 usum
271 1883 341 1926 esse
373 1861 523 1925 omnibus
553 1861 756 1945 exploratum
783 1864 847 1943 est,
874 1861 909 1924 in
934 1839 1155 1926 describendis
1180 1861 1300 1928 Suidae

148 1969 295 2033 articulis
314 1969 632 2053 praestantissimum
652 1971 684 2032 et
703 1968 948 2052 integerrimum
968 1966 1134 2051 exemplar
1153 1964 1300 2053 optima'e

147 2074 292 2139 familiae
323 2075 356 2138 in
386 2075 536 2152 manibus
566 2074 719 2140 habuisse
750 2074 960 2160 putabimus?
1008 2074 1088 2139 Post
1118 2095 1237 2140 eumne
1269 2080 1301 2141 et

148 2181 308 2247 familiam
336 2185 369 2246 et
399 2183 563 2267 exemplar
591 2181 659 2246 eius
682 2172 816 2268 prorsus
841 2180 1031 2246 evanuisse?
1071 2178 1143 2246 Hoc
1171 2203 1301 2269 quoque

147 2287 321 2353 ridiculum
345 2310 415 2353 esse
439 2289 574 2374 quisque
598 2289 727 2373 sapiens
751 2310 878 2354 mecum
903 2285 1061 2374 sentiet.¹)

238 2394 278 2460 V.
316 2394 424 2482 Atque
443 2419 515 2462 cum
539 2418 592 2462 eas
611 2396 774 2462 Eudociae
797 2397 882 2461 vitas
901 2395 1207 2480 examinaverimus,
1231 2398 1322 2482 qui-1

147 2503 207 2568 bus
223 2501 341 2568 Suidae
360 2503 507 2568 articulis
521 2503 670 2568 uberiora
684 2503 831 2586 praehet,
850 2525 908 2568 nec
927 2503 1007 2568 talia
1021 2501 1203 2586 adscripsit,
1225 2526 1303 2589 qua

148 2611 194 2675 lia
217 2611 269 2676 vel
293 2611 366 2695 ipsa
384 2610 507 2696 fingere
530 2610 582 2676 vel
606 2611 757 2695 quopiam
780 2632 819 2674 ex
842 2609 931 2675 fonte
949 2610 1039 2675 nullo
1064 2631 1161 2694 opere
1185 2609 1302 2695 depro-

147 2740 234 2783 mere
267 2716 425 2803 potuerit,
456 2738 542 2781 nuno
573 2739 626 2781 eas
658 2716 752 2781 nobis
782 2718 1003 2802 perstringere
1036 2717 1146 2799 liceat,
1179 2719 1301 2802 quibus

147 2824 269 2909 aliquid
294 2825 417 2908 omisit,
441 2822 526 2907 quod
548 2823 583 2886 in
602 2821 716 2887 Suidae
740 2822 832 2887 libris
852 2829 1038 2908 suspectum
1061 2823 1101 2888 ab
1126 2822 1299 2908 Hesychii·

148 2954 209 3015 que
232 2931 364 3016 ingenio
389 2929 529 2994 alienum
552 2929 631 2994 viris
655 2929 757 2994 doctis
777 2930 881 2995 visum
901 2935 958 2996 est
982 2954 1010 2997 v.
1027 2926 1215 3014 Ἀγαθίας
1236 2955 1300 2998 om.

147 3037 247 3101 verba
278 3036 390 3121 inepta
421 3030 481 3100 τὸν
511 3033 683 3117 Καισαρέα
715 3073 756 3084 -
788 3040 959 3127 Βυζαντίῳ
992 3039 1113 3122 partim
1146 3038 1190 3102 ab
1223 3039 1300 3104 aliis

150 3142 285 3227 aliisque
309 3142 477 3208 decausis
505 3144 539 3207 in
563 3144 779 3228 suspicionem
802 3149 931 3230 vocata,
959 3167 988 3210 v.
1007 3139 1205 3228 ’Ἄψυρτος
1234 3169 1300 3213 om.

147 3247 202 3314 καὶ
226 3250 350 3334 ἔγραψε
374 3271 448 3334 seq,
472 3272 553 3335 quae
577 3250 676 3316 verba
699 3251 852 3316 lectorem
876 3273 914 3316 ex
937 3252 1046 3336 glossa
1068 3253 1185 3332 τρίλλα
1209 3252 1306 3318 addi·-

101 3358 103 3362 ’
149 3356 234 3422 disse
258 3360 399 3443 constat,
429 3380 457 3422 v.
481 3353 670 3442 Δημάδης
693 3379 755 3423 om.
783 3346 948 3434 οὗτος-
973 3359 1059 3438 exit,
1089 3381 1228 3443 quornm
1259 3361 1299 3426 de

147 3462 347 3528 absurditate
371 3465 520 3532 consulas
543 3464 647 3529 Daub.
672 3464 710 3528 de
734 3463 821 3530 Suid.
844 3489 875 3550 p.
894 3466 973 3550 4763
996 3488 1026 3532 v.
1050 3468 1299 3551 Δικαίαρχος

147 3590 209 3634 om.
240 3571 337 3634 verba
366 3568 421 3635 καὶ
453 3567 622 3656 νόμος-
648 3573 723 3636 exit.
753 3594 792 3636 ex
823 3555 926 3649 altero
956 3573 1065 3658 aliquo
1096 3574 1299 3659 glossemate

146 3679 231 3760 orta,
255 3699 284 3740 v.
303 3676 571 3761 Δικαιογένης
590 3699 652 3744 om.
672 3679 814 3763 glossam
837 3680 1084 3764 grammaticam
1107 3677 1216 3764 ὄνομα
1238 3679 1299 3748 κύ-

97 3847 103 3851 .
146 3806 223 3867 proc
241 3788 274 3849 et
293 3805 428 3868 sequens
444 3779 496 3864 393
520 3809 548 3852 v.
566 3780 747 3871 Ἑρμείας
766 3808 829 3861 om.
851 3786 951 3852 verba
971 3781 989 3852 ὁ
1011 3781 1188 3872 εὐνοῦχος,
1212 3810 1299 3873 quae

146 3911 219 3955 cum
241 3890 327 3955 infra
345 3891 493 3978 redeant,
517 3914 756 3978 supervacanea
774 3914 845 3959 esse
864 3897 968 3979 patet3
992 3917 1021 3959 v.
1037 3893 1213 3977 Διοκλῆς
1232 3917 1298 3962 om.

217 4052 243 4117 1)
270 4048 343 4103 Nam
366 4048 441 4117 quod
459 4048 648 4104 Wilamowitz
672 4049 753 4104 affert
778 4051 935 4120 exemplum
960 4050 1083 4120 Arsenii,
1107 4051 1156 4122 qui
1181 4055 1297 4109 saeculo

145 4131 222 4184 sexto
241 4127 351 4184 decimo
369 4128 469 4184 melius
488 4129 582 4184 Photii
605 4129 747 4199 exemplar
765 4129 906 4197 adhibuit,
930 4147 1014 4200 quam
1036 4133 1132 4186 noster
1153 4130 1297 4191 Galeanus

145 4211 200 4277 est,
218 4209 272 4265 hoc
290 4208 327 4265 ad
346 4211 472 4264 nostram
491 4211 683 4278 quaestionem
701 4209 743 4264 nil
761 4209 853 4266 facere
872 4210 928 4266 alio
947 4212 1010 4267 loco
1025 4211 1091 4266 dixi.
1121 4213 1199 4268 Unus
1219 4213 1298 4270 enim

145 4307 208 4343 cum
225 4290 306 4345 nobis
330 4291 457 4345 servatus
481 4289 518 4343 sit
537 4289 688 4360 Galeanns,
711 4308 781 4346 saec.
802 4289 868 4344 XllI
886 4291 931 4346 vel
950 4291 1002 4346 XlI
1022 4293 1149 4348 exeuntis
1173 4310 1207 4349 ex
1225 4293 1297 4349 Por-

145 4369 205 4424 soni
228 4371 366 4426 sententia
387 4369 433 4439 (cf.
453 4368 548 4425 Naber
566 4370 579 4423 Ι
602 4389 628 4440 p.
649 4374 689 4440 4),
714 4370 826 4426 saeculo
850 4372 928 4426 sexto
957 4372 1068 4428 decimo
1090 4373 1184 4442 plures
1207 4373 1295 4429 luisse

145 4465 248 4518 eosque
267 4449 409 4518 meliores,
428 4467 445 4504 a
463 4451 663 4520 probabilitate
681 4469 739 4507 non
757 4449 925 4507 abhorrebit.
