2910 5056
149 307 253 362 XXXII
582 307 866 364 PROLEGOMENA.

154 472 237 536 vitas
269 493 343 535 suas
372 494 437 536 non
466 494 504 535 ex
534 470 651 537 Suidae
679 473 794 556 lexico,
826 494 938 536 verum
967 494 1005 537 ex
1033 472 1122 537 fonte
1150 473 1219 538 eius
1250 474 1303 540 de-

152 579 332 662 prompisse
360 579 464 642 tribus
490 579 696 662 potissimum
725 584 757 643 et
784 579 972 643 certissimis
1002 580 1201 665 argumentis
1226 603 1302 645 con-

149 685 305 750 firmatur.
340 685 508 749 Primum
527 687 612 750 enim
632 687 753 751 nullam
774 687 935 750 enarravit
949 687 1050 750 vitam
1069 687 1189 752 aetatis
1204 686 1300 752 Post·

151 790 379 874 hesychiauae,
409 790 448 856 de
473 814 536 876 qua
559 814 644 857 nunc
669 793 861 878 ambigitur,
889 793 978 857 velut
1004 792 1101 857 Pauli
1124 794 1301 879 Aepiuetoe,

149 898 300 963 Iohannis
323 898 526 978 Damasceui,
557 901 773 984 Theophylccii
790 900 989 982 Simocuiice,
1019 900 1145 983 Gccryii
1162 899 1300 978 Pisidae,

152 1005 320 1089 Triphyllii
333 1007 473 1088 episcopi,
491 1007 626 1071 Traiani
641 1007 775 1071 Patricii
790 1005 929 1092 (ἔγραψε
943 1002 1102 1092 χρονικὸν
1117 1003 1300 1090 σύντομον,

149 1108 241 1175 πάνυ
263 1109 484 1198 θαυμάσιον),
509 1114 629 1196 Iyiiaiii
653 1113 790 1199 (ἔγραψε
813 1116 908 1196 βίους
932 1117 1101 1197 Torpacion
1118 1111 1174 1177 καὶ
1194 1117 1301 1197 Νικη-

151 1213 263 1302 φόρον
287 1220 360 1304 etc.)
389 1220 442 1303 al.,
471 1241 607 1303 quarum
631 1224 758 1304 partem
783 1242 801 1284 a
825 1219 1051 1284 continuatore
1075 1220 1196 1284 saeculi
1220 1219 1301 1284 noni

151 1327 365 1410 compositam
390 1347 459 1390 esse
480 1327 672 1410 supradixi.
710 1325 855 1392 Deinde
879 1330 988 1391 autem
1007 1327 1128 1391 nullius
1154 1327 1299 1391 auctoris

150 1433 361 1497 ecclesiastici
376 1433 477 1496 vitam
492 1432 671 1519 descripsit,
687 1434 799 1518 quales
811 1432 925 1499 Suidas
940 1435 1075 1518 praebet
1090 1455 1128 1497 ex
1143 1433 1300 1518 Eusebio,

146 1537 383 1624 Philostorgio,
408 1537 603 1624 Sophronia,
627 1539 776 1625 Socrate,
800 1538 992 1624 Sozomeno,
1016 1539 1221 1605 Theodoreto
1247 1539 1298 1602 de·

148 1647 287 1730 scriptas
312 1643 366 1734 (cf.
390 1669 472 1730 quae
496 1647 561 1711 dixi
584 1648 666 1715 Mus.
685 1648 789 1714 Rhen.
807 1648 934 1713 XXXV
951 1672 983 1733 p.
1002 1644 1081 1733 227)
1091 1645 1123 1730 ¹),
1147 1647 1300 1730 quamvis

147 1753 245 1817 fuerit
268 1753 322 1837 pia
346 1777 382 1819 ac
406 1754 598 1838 christiana,
623 1776 760 1839 quorum
783 1753 982 1839 Hesychium
1006 1753 1206 1818 mentionem
1232 1776 1300 1818 om-

149 1861 226 1926 nino
254 1882 321 1947 non
348 1861 497 1926 iniecisse
520 1864 605 1928 inter
628 1884 740 1926 omnes
765 1862 845 1926 satis
870 1865 1012 1940 constat,
1039 1883 1142 1945 neque
1166 1861 1301 1925 omniuo

148 1968 229 2032 alios
245 1968 400 2032 tractavit
414 1970 588 2054 scriptores
603 1973 700 2054 atque
716 1991 779 2052 eos,
800 1991 879 2052 quos
894 1989 935 2032 ne
948 1967 1147 2052 Hesychium
1168 1968 1300 2051 quidem

148 2074 295 2138 omisisse
319 2075 527 2140 manifestum
552 2080 614 2161 est,
643 2077 733 2141 velut
755 2076 934 2159 samaiim,
958 2075 1121 2139 Philonem
1143 2075 1301 2140 luduenm

148 2178 202 2267 (de
230 2204 293 2265 quo
321 2181 405 2247 infra
438 2179 578 2268 agetur).
620 2182 792 2248 Tertium
826 2187 935 2247 autem
967 2185 1095 2265 praeter
1124 2183 1300 2247 nonnullas

148 2290 232 2352 vitas
265 2310 303 2351 ex
337 2289 435 2354 schol.
464 2290 633 2374 Aristoph.
650 2285 816 2356 'oriundas
850 2289 1074 2374 posteriusque
1108 2310 1147 2352 ex
1180 2287 1314 2355 Suidae·

146 2395 249 2460 lexico
273 2397 496 2480 interpolatae,
520 2397 645 2461 nullam
666 2399 810 2481 praebet,
835 2419 931 2481 quam
951 2396 1079 2460 aliunde
1099 2393 1218 2459 Suidae
1240 2397 1298 2461 flu·

146 2503 235 2590 uisse¹
259 2506 460 2587 compertum
489 2505 659 2588 habemus,
687 2503 757 2569 dico
789 2504 1046 2586 exscriptorum
1072 2501 1299 2568 Romanorum

146 2631 277 2674 numero
301 2610 397 2674 Fabii
420 2609 554 2675 Pictoris
577 2633 614 2674 ex
635 2611 776 2694 Polybio
800 2611 960 2693 haustam,
983 2610 1143 2673 quenalis
1166 2631 1206 2673 ex
1225 2609 1297 2675 Ma-

144 2717 210 2782 lala
242 2740 273 2801 p.
300 2718 365 2781 263
398 2716 515 2800 Bonn,
548 2715 701 2782 Ciceronis
734 2740 772 2781 ex
805 2719 916 2802 glossa
949 2715 1091 2780 Suidana
1128 2719 1294 2800 Φολουία,

145 2825 247 2889 Ennii
269 2846 307 2888 ex
330 2824 467 2888 Aeliano
493 2824 543 2907 al,
567 2844 639 2887 cum
664 2824 777 2887 eadem
801 2824 961 2888 describat
983 2823 1120 2904 Acyusii
1138 2821 1298 2905 waaris,

145 2930 251 2993 Euodi
272 2929 399 3008 Rhodii,
425 2930 540 2994 Tiberii
563 2929 718 3008 Caesaris,
739 2930 922 3008 Claudiani,
946 2952 1025 3013 quas
1045 2927 1201 3013 Hesychii
1226 2952 1300 2996 esse

146 3035 240 3100 docui
262 3035 345 3101 Mus.
368 3035 470 3101 Rheu.
488 3035 626 3101 XXXVI
649 3060 680 3120 p.
695 3038 849 3122 316seq,
872 3039 997 3102 nullam
1021 3037 1158 3121 denique
1182 3059 1222 3100 ex
1246 3038 1299 3121 iis,

147 3165 225 3226 quas
259 3143 336 3226 quin
368 3144 408 3207 ad
436 3144 570 3208 verbum
603 3166 641 3208 ex
669 3143 844 3210 Damascio
871 3145 923 3211 vel
951 3144 1211 3230 Harpocratione
1242 3143 1300 3229 (cf.

146 3248 189 3332 gl.
218 3243 398 3337 Eduv09)²)
430 3251 499 3334 ipse
529 3248 645 3315 Suidas
678 3252 896 3337 descripserit,
928 3275 1023 3319 nemo
1054 3253 1121 3316 iam
1153 3251 1297 3316 dubitat.

150 3393 280 3400 -ῄη
286 3396 326 3400 .-..
334 3397 362 3401 -.

147 3475 234 3531 habet
252 3474 410 3547 picardia
448 3498 475 3549 p.
495 3486 526 3533 61
550 3476 796 3551 Ἀπολλόδωρος
820 3480 978 3551 ,,Αἰσχρίων
1001 3483 1077 3536 recte
1101 3479 1204 3550 optimi
1222 3481 1301 3551 libri,

146 3555 265 3626 Αίσχίων
279 3562 326 3611 ΒΕ
346 3559 407 3614 edd.
423 3564 491 3615 vett.
511 3565 539 3616 et
554 3562 649 3618 Eud.“.
668 3561 717 3616 ·At
730 3561 866 3632 Αἰσχρίων
881 3581 952 3616 unus
967 3563 1029 3617 Par.
1043 3568 1066 3614 Δ
1086 3563 1116 3615 et
1130 3561 1193 3615 Vat.
1210 3561 1298 3616 Pear-

146 3653 213 3705 son,
234 3636 353 3707 Αἰσχίων
372 3639 446 3709 vulg.
485 3641 517 3694 In
534 3640 700 3710 Apollodori
718 3642 820 3712 tragici
838 3642 898 3696 vita
917 3637 1118 3710 „ciuuvtidalcss
1137 3640 1208 3694 Eud.
1230 3658 1297 3695 cum

146 3719 213 3770 vett.
234 3718 323 3772 edd.“.
361 3721 399 3772 At
422 3721 525 3775 Aldina
544 3738 606 3774 mea
630 3724 669 3791 (et
691 3722 754 3777 fort.
779 3723 839 3776 edd.
866 3726 944 3791 veit.)
970 3718 1157 3787 ἄκανθοπλίξ.
1194 3740 1222 3791 p.
1243 3726 1298 3774 386

146 3792 304 3866 Enipeios
325 3801 484 3868 „xercitum
503 3802 565 3856 Ald.
590 3802 624 3856 de
644 3802 805 3857 coniectura
824 3806 853 3857 et
871 3805 933 3859 Bas.
953 3806 981 3857 et
999 3801 1097 3856 Eud.“.
1134 3803 1173 3854 At
1190 3801 1299 3856 Aldina

146 3895 209 3932 oum
227 3882 363 3930 nvn!
381 3881 498 3948 praebet
516 3885 658 3951 xercitum.
691 3881 751 3936 lllis
770 3882 918 3952 exemplis,
936 3882 959 3936 si
978 3881 1103 3951 quaeris,
1122 3880 1217 3949 facile,
1236 3882 1297 3949 opi·

146 3974 210 4026 nor,
228 3959 310 4028 plura
329 3959 432 4015 addere
451 3964 540 4030 potes.

219 4049 244 4116 1)
268 4046 308 4102 cf.
332 4049 404 4104 vit-as
422 4049 576 4105 Alexandri
599 4052 806 4121 Hieropolitae‚
829 4051 927 4107 Basilii
946 4053 1086 4122 Ancyrani
1109 4055 1139 4107 et
1161 4053 1295 4122 irenopo-

145 4128 242 4197 lensis,
266 4127 394 4199 Dionysii
413 4127 614 4201 Areopagitae,
634 4133 798 4201 ,Hecebolii,
821 4134 935 4188 Eusebii
960 4132 1114 4202 Pamphili,
1138 4133 1295 4201 Hippolyti,

145 4208 256 4264 Ioannis
275 4209 480 4279 chrysostomi,
503 4211 615 4278 lustini,
635 4212 716 4280 Iusti,
736 4214 849 4284 Iosephi
867 4216 981 4284 (arti),
1001 4212 1125 4282 Leontii,
1145 4212 1293 4278 Methodii,

147 4289 222 4344 Petri
240 4291 349 4360 Mongi,
369 4290 484 4345 Sisinnii
502 4292 537 4344 al.

216 4375 242 4439 2)
266 4373 307 4427 De
326 4373 418 4442 poetis
442 4371 489 4440 qui
508 4388 608 4426 nomen
629 4369 740 4443 Εὔηνος
758 4375 914 4445 habebant,
938 4376 972 4429 cf.
994 4375 1172 4444 Bernhardy,
1195 4376 1292 4428 Erato-

145 4451 234 4508 siben.
253 4469 279 4520 p.
295 4457 360 4519 243,
379 4452 484 4522 Hiller,
503 4452 602 4506 Annal.
623 4455 692 4525 phil.
715 4460 783 4510 1881
802 4473 828 4525 p.
844 4462 904 4512 477.
