2880 5054
228 319 270 384 36
689 312 903 373 HESYOHIUS.

317 480 426 547 CXLI.
450 477 603 566 Ἀχαιὸς
617 478 859 566 Συρακούσιος,
878 475 1034 564 τραγικὸς
1051 475 1221 564 νεώτερος.
1254 480 1372 565 ἔγραψε

228 591 414 678 τραγῳδίας
437 576 467 655 ι’.

316 695 443 763 CXLII.
478 691 677 780 Ἀχιλλεύς
704 693 849 772 Τάτιος
868 691 1119 779 Ἀλεξανδρεύς,
1143 689 1161 759 ὁ
1186 691 1319 781 γράψας
1337 720 1375 762 τα

228 800 310 869 κατὰ
335 807 529 885 Λευκίππην
561 801 616 866 καὶ
639 803 879 886 Κλειτοφῶντα
906 800 962 866 καί
989 796 1074 866 όλλα
1102 798 1246 886 ἐρωτικὰ
1271 802 1308 868 ἐν
1329 805 1375 886 βι-

202 915 335 994 ιβλίοις
353 907 392 995 η’.
420 908 558 992 γε’γονεν
577 911 716 992 ἔσχατον
730 904 930 994 Χριστιανὸς
949 906 1003 972 καὶ
1023 908 1209 986 ἐπίσκοπος.
1230 905 1237 997 Ι
1258 910 1375 995 ἔγραψε

229 1016 266 1084 δὲ
298 1016 372 1103 περὶ
406 1020 551 1101 σφαίρας
581 1013 635 1080 καὶ
667 1016 897 1100 ἐτυμολογίας,
930 1012 985 1080 καὶ
1017 1015 1169 1099 ίστορίαν
1194 1011 1375 1101 σύμμικτον

229 1125 363 1191 πολλῶν
387 1122 441 1188 καὶ
466 1120 620 1207 μεγάλων
644 1121 698 1188 καὶ
719 1127 921 1207 θαυμασίων
941 1118 1078 1208 ἀνδρῶν
1096 1120 1375 1209 μνημονεύονσαν

230 1228 248 1299 ὁ
273 1230 310 1297 δὲ
334 1226 434 1315 λόγος
456 1223 561 1295 αῦτοῦ
583 1226 666 1295 κατὰ
688 1226 796 1295 πάντα
821 1225 936 1314 ὅμοιος
953 1228 1024 1307 τοῖς
1047 1230 1226 1314 ἐρωτικοῖς.
1247 1226 1255 1318 Ι

320 1337 463 1403 CXLIII.
490 1332 649 1420 Ἀψίνης
670 1331 849 1420 Ἀθηναῖος
872 1333 1049 1422 σοφιστής,
1070 1331 1254 1422 Ὀνασίμον
1275 1331 1375 1421 πατὴρ

192 1467 218 1504 10
232 1448 294 1512 τοῦ
317 1446 480 1530 σοφιστοῦ
504 1444 565 1508 τοῦ
581 1439 705 1528 πατρὸς
725 1439 871 1522 Ἀψίυον.

321 1550 463 1617 CXLIV.
488 1545 646 1639 Ἀψίνης
664 1547 837 1636 Γαδαρεὺς
851 1548 1022 1635 σοφιστής,
1042 1552 1190 1635 σπαρείς,
1209 1545 1257 1645 ῦς
1271 1546 1374 1633 λόγος,

232 1660 270 1726 ἐκ
292 1654 424 1742 Πανός,
448 1655 661 1742 μαθητεύσας
682 1654 719 1722 II
744 1658 780 1724 ἐν
804 1655 947 1746 Σμύρνῃ
965 1654 1164 1744 Ἡρακλείδη
1187 1660 1234 1745 τῷ
1256 1660 1374 1746 Λνκίμ,

233 1762 302 1831 εἶτα
330 1766 497 1854 Βασιλικῷ
529 1765 566 1830 ἐν
594 1767 816 1852 Νικομηδείμ,
842 1765 1077 1849 ἐσοφίστευσεν
1098 1761 1266 1849 Ἀθήνησι
1288 1767 1374 1848 βασι-

233 1870 390 1951 λεύοντος
414 1871 623 1955 Μαξιμίνου,
646 1867 809 1938 ὑπατικοῦ
833 1870 948 1956 λαβὼν
971 1869 1107 1957 αἰξίωμα.

193 1999 217 2038 1⁵
320 1979 445 2045 CXLV.
468 1975 626 2063 Ἀψίνης
637 1974 817 2065 Ὀνασίμου
831 1981 891 2045 τοῦ
906 1980 1070 2064 σοφιστοῦ
1084 1974 1272 2063 ’Λθηναίου
1286 1997 1375 2064 σοφι-

232 2083 309 2170 στὴς
332 2082 493 2171 νεύτερος
515 2089 575 2151 τοῦ
599 2085 778 2170 Γαδαρέως
798 2081 945 2164 Ἀψίνον.

229 2279 231 2282 ¹
321 2192 460 2279 CXLVI.
480 2190 674 2278 ’Ἄψυρτος
690 2186 923 2278 Προυσαεῦςῆ
939 2189 1161 2278 Νικομηδεύς,
1181 2189 1375 2278 στρατιώτης

231 2297 516 2386 στρατευσόμενος
540 2298 591 2365 ἐπὶ
616 2303 880 2366 Κωυσταντίνου
902 2302 962 2366 τοῦ
991 2300 1153 2383 βασιλέως
1183 2300 1220 2366 ἐν
1245 2302 1375 2387 Σκυθία

232 2402 321 2490 παρὰ
339 2402 402 2471 ’τὸν
416 2401 559 2489 Ἵστρον.
593 2402 802 2490 ίππιατρικὸν
822 2409 955 2489 βιβλίον
974 2395 1072 2485 οὗτος
1091 2410 1226 2494 ἔγραψε,
1249 2406 1307 2473 καὶ
1319 2430 1376 2491 φιν

193 2535 219 2573 το
234 2509 331 2578 σικὸν
354 2511 430 2596 περὶ
454 2515 521 2579 τῶν
541 2509 652 2580 αῦτῦν
671 2508 815 2596 νἰλόγων,
833 2511 887 2578 καὶ
909 2513 1011 2599 ἕτερα.
1041 2517 1178 2601 [ἔγραψε
1196 2512 1254 2580 καὶ
1270 2517 1377 2599 Σίμων

230 2615 409 2703 Ἀθηναῖος
433 2616 674 2686 ίπποσκοπικὸν
698 2623 830 2703 βιβλίον
854 2618 1071 2705 θαυμάσιον]

234 2767 446 2775 ——-.-.——.

236 2869 311 2937 quod
330 2869 488 2938 oppositum
508 2884 565 2923 esse
584 2866 671 2935 ipsius
687 2867 821 2935 Hesychii
835 2867 991 2923 sententiae
1009 2885 1044 2923 ex
1057 2868 1131 2924 Ionis
1149 2869 1209 2926 viia
1227 2874 1306 2927 reete
1319 2887 1377 2927 eon·
1395 2910 1402 2925 .

237 2948 319 3002 elusil
336 2949 444 3013 Rohde,
467 2947 537 3001 Mus.
557 2948 645 3002 Rhen.
665 2947 783 3000 XXXIII
802 2966 829 3016 p.
852 2951 992 3017 189noh,
1012 2944 1068 3003 ’σῦν
1083 2944 1153 3019 Εῦρ.
1171 2952 1246 3021 vulp.
1266 2948 1318 3007 νῦν
1334 2949 1378 3006 καί

238 3021 307 3094 Εῦρ.
326 3032 377 3079 AV
396 3027 444 3081 καὶ
463 3024 515 3081 σῦν
535 3027 620 3082 Βααῦ

308 3106 392 3161 CXLI
413 3108 486 3168 Eud,
506 3126 533 3177 p.
553 3112 611 3164 118.
631 3109 763 3162 Weleher
781 3127 807 3178 p.
827 3113 895 3162 1045
963 3116 976 3162 1
997 3107 1068 3164 δέκα
1087 3110 1136 3165 καί
1154 3110 1295 3181 τέσσαρας
1307 3110 1378 3166 Eud.

308 3185 405 3239 CXLII
423 3187 498 3240 Εκιί.
518 3206 543 3256 p.
561 3194 619 3241 117.
642 3188 749 3254 Iacobe,
762 3187 873 3257 Proleg.
888 3190 924 3243 ad
938 3189 1007 3246 Aeh.
1023 3191 1086 3247 Tae.
1101 3207 1128 3259 p.
1143 3191 1168 3244 V
1183 3191 1215 3247 A.
1230 3198 1258 3261 2,
1276 3190 1380 3257 Bonae,

236 3266 281 3323 Gr.
301 3266 410 3322 Roman
428 3285 456 3336 p.
476 3273 600 3337 4701eq.
673 3275 689 3322 3
711 3266 813 3331 Τάτιος
830 3268 934 3323 rectius
953 3269 1064 3340 scripsit
1083 3271 1202 3327 Ρλιοίίιιε
1219 3270 1290 3327 bibl.
1308 3289 1335 3340 p.
1349 3275 1379 3325 66

237 3343 358 3410 Στύτιος
371 3349 436 3417 vulp
450 3348 525 3402 Ειιιλ.
540 3345 693 3411 Στύωοςν
744 3355 760 3403 5
774 3347 873 3418 γέγονε
889 3365 959 3417 seq.:
974 3349 1069 3403 Rome
1082 3348 1101 3404 l.
1112 3366 1136 3405 e.
1146 3367 1174 3418 p.
1183 3354 1237 3404 475
1278 3347 1379 3419 ἔγραφε

237 3444 293 3496 seq.
313 3443 368 3481 non
388 3427 424 3480 ad
443 3427 582 3501 Achillem
601 3427 715 3482 Tatium
738 3428 787 3482 sed
810 3428 845 3480 ad
865 3429 985 3483 alterum
1003 3427 1144 3484 Achillem
1167 3431 1296 3500 spectare
1313 3427 1381 3485 vidit

237 3506 344 3570 Belide,
363 3525 388 3575 p.
408 3512 459 3560 471
475 3523 532 3576 seq.
570 3505 610 3562 ef.
628 3508 712 3562 etiam
732 3509 820 3576 Diels,
839 3509 959 3579 Doxogr.
978 3527 1005 3578 p.
1027 3514 1059 3563 17
1070 3525 1127 3577 seq.
1164 3509 1308 3566 Incertum
1324 3508 1381 3578 quis

231 3584 384 3654 'utrumque
404 3586 560 3640 confuderit
628 3585 784 3658 δίστορίας
803 3589 957 3659 συμμίκτου
976 3594 999 3640 V
1043 3591 1075 3643 In
1094 3589 1260 3659 margine]
1280 3590 1380 3661 legitur

238 3669 293 3721 είτε
313 3662 423 3727 τούτοις
440 3664 637 3735 προσεκύρησα
657 3669 731 3737 quod
751 3686 805 3737 quo
824 3671 931 3738 spectet
950 3669 1065 3723 dubium

311 3744 560 3800 CXLIII-CXLV
579 3748 655 3802 Εαιλ
675 3767 701 3818 p.
723 3755 782 3802 114.
812 3749 853 3803 cf.
872 3769 897 3804 v.
915 3745 1068 3819 Ὀνίσιμος.
1101 3749 1304 3805 Atheniensem
1322 3766 1381 3805 eum

238 3825 392 3881 Gadarensi
416 3826 533 3880 eundem
558 3843 617 3882 esse
641 3830 752 3883 constat
841 3837 856 3884 9
876 3824 1022 3899 ἀξιόλογος
1040 3825 1175 3898 σοφιστής
1194 3846 1249 3887 om.
1269 3835 1292 3883 Δ
1309 3823 1382 3897 epe

239 3913 320 3978 λογος
338 3926 393 3963 om.
412 3913 434 3959 V
453 3903 598 3976 ἀξιόλογος
617 3917 680 3977 σοφζ
700 3910 771 3978 vulp.
791 3909 867 3964 Eud.
920 3904 1068 3980 Ἀθηναῖος
1087 3927 1142 3967 om.
1160 3914 1189 3962 11
1264 3916 1296 3964 ll
1316 3910 1381 3965 Γαῦ.

239 3985 427 4060 πρεσβύτερος
446 3989 495 4043 τοῦ
513 3983 661 4058 ’Θνασίμου
680 3990 744 4043 add.
760 3990 845 4059 Εκαλ,
865 4007 936 4059 quae
955 3992 1070 4046 tertium
1088 3991 1179 4061 primo
1199 3991 1263 4047 loeo
1282 4007 1382 4061 memo·

239 4069 312 4125 ravit
386 4075 418 4123 13
439 4071 602 4144 Νικομηὸίᾳ
620 4075 643 4122 Δ
718 4076 750 4124 14
768 4072 952 4141 Μαξιμιανοῦ
972 4089 1068 4127 omnes
1087 4069 1154 4125 libri
1171 4073 1202 4127 el
1218 4071 1297 4127 Eud.
1315 4087 1381 4127 corr.

240 4152 375 4205 Καείανιιε
394 4149 457 4205 coll.
476 4168 502 4204 v.
524 4147 648 4212 Γαῖανός
735 4156 766 4204 15
784 4141 929 4220 Ἀθηναῖος
947 4152 1032 4207 Daui>
1119 4157 1152 4206 16
1170 4148 1309 4222 νεώτερος
1326 4167 1380 4218 neq.

239 4248 292 4285 om.
312 4231 387 4286 Ειιό.
426 4229 555 4285 Ceterum
575 4230 608 4284 cf.
628 4249 652 4285 v.
673 4231 777 4298 Μαίωρ
796 4235 825 4286 ολ
843 4229 976 4301 Φρόντων
992 4228 1144 4302 Ἐμεσηνός

311 4310 421 4366 CXLVI
439 4311 515 4364 Eud.
535 4330 560 4379 p.
583 4316 633 4364 110
707 4318 739 4365 17
764 4305 781 4380 ἢ
801 4309 1021 4381 ΝικομηδεῦςΕ
1045 4330 1114 4367 corr.
1134 4312 1221 4368 eliam
1239 4313 1380 4380 Πασίωνα,

241 4390 288 4457 qui
306 4383 323 4458 ἢ
343 4385 381 4452 τός
399 4411 473 4452 τινες
492 4392 649 4460 proposuit,
669 4385 685 4460 ἢ
705 4409 759 4447 om.
778 4395 850 4462 ναλμ.
879 4391 919 4446 ef.
939 4390 1077 4461 Σωτάδης
1095 4386 1172 4460 Κρής
1251 4397 1284 4447 19
1303 4389 1381 4461 ἔγρα-

240 4482 296 4540 ψεν
311 4468 492 4540 ίππιατρικὸν
507 4474 577 4544 βιβλ.
593 4471 669 4526 Eud.
725 4479 759 4527 20
773 4473 837 4542 περὶ
851 4474 907 4527 τῶν
926 4469 1037 4542 ἀλόγων
1053 4470 1083 4528 ἐν
1099 4473 1216 4546 βιβλίοις
1228 4469 1256 4528 δ’
1268 4471 1379 4543 reliquie
