2880 5054
186 325 248 389 108
652 325 864 381 HESYGHIUS.

184 490 281 553 δίκου
303 488 365 553 τού
387 488 627 571 Σηλυβριανοῦ
649 487 704 552 καὶ
729 492 875 573 Γοργίου
898 490 960 554 τοῦ
978 491 1166 555 Λεοντίνου
1189 485 1327 574 ῥήτορος

183 593 238 659 καὶ
270 594 479 680 φιλοσόφου,
512 591 557 671 ὡς
589 594 629 660 δέ
657 620 760 677 τινες,
795 599 1009 681 Δημοκρίτου
1041 597 1102 661 τοῦ
1131 591 1327 680 Ἀβδηρίτου

184 702 367 786 (ἐπιβαλεῖν
390 698 453 786 γάρ
478 697 582 767 αὐτὸν
606 701 685 766 νέον
705 699 900 788 πρεσβύτῃ),
925 697 969 778 ὡς
987 701 1027 767 δέ
1042 726 1142 785 τινες,
1164 702 1221 769 καὶ
1241 709 1327 788 Προ-

185 809 291 873 δίκου.
342 808 488 891 διέτριψε
521 804 557 873 δὲ
591 807 626 874 έν
660 810 872 895 Μακεδονίᾳ,
905 812 1002 893 φίλος
1036 802 1084 873 ὢν
1118 806 1255 894 σφόδρα
1283 812 1326 899 τῷ

158 919 317 999 ῖβασιλεῖ
338 915 516 1001 Περδίκκᾳ.
551 917 671 991 παῖδας
696 910 733 979 δὲ
759 910 848 999 σχὼν
874 911 948 997 δύο,
972 914 1144 982 Θέσσαλον
1163 915 1219 983 καὶ
1241 914 1327 1001 Δρά-

183 1047 297 1104 κοντα,
320 1020 516 1106 κατέστρεψε
539 1020 598 1087 τὸν
622 1025 699 1105 βίον
723 1020 885 1086 ἐνιαυτῶν
909 1019 1056 1106 γεγονώς
1075 1020 1108 1086 δ’
1134 1021 1188 1088 καὶ
1210 1020 1257 1107 ρ’,
1275 1023 1327 1089 καλ

182 1129 343 1195 τέθαπται
374 1128 411 1192 έν
441 1131 590 1213 Λαρίσσῃ
619 1129 677 1210 τῆς
704 1130 889 1205 Θετταλίας.
941 1128 992 1210 [ἐν
1023 1124 1060 1194 δέ
1088 1141 1160 1208 ταῖς
1188 1122 1326 1197 Είκόσιν

184 1239 361 1321 ἱστορεῖται
396 1231 433 1299 τὸ
467 1232 600 1319 ίμάτιον
631 1233 682 1299 έπλ
710 1229 772 1318 τὴν
800 1229 950 1318 κεφαλὴν
978 1229 1251 1321 ἀναβεβλημένος
1275 1236 1328 1302 καλ

183 1341 396 1427 σκεπόμενος,
419 1335 439 1425 ἢ
464 1337 515 1406 ότι
538 1343 636 1406 τοῦτο
662 1343 741 1416 ε”θος
763 1329 807 1424 ἦν
830 1337 930 1430 αὐτῷ,
953 1335 974 1424 ἢ
999 1338 1054 1407 διά
1079 1338 1117 1407 τὸ
1142 1342 1326 1428 φιλαπόδη-

145 1468 170 1506 10
184 1475 264 1535 μον,
292 1443 313 1531 ἢ
338 1445 374 1514 τὸ
400 1449 488 1512 ῖδιον
513 1447 548 1512 έν
572 1458 644 1524 ταῖς
667 1452 898 1531 χειρουργίαις.
945 1437 1042 1525 οὗτος
1065 1450 1190 1532 ἔγραψε
1213 1446 1327 1532 πολλά,

182 1554 237 1621 καὶ
263 1556 365 1619 πᾶσιν
387 1554 515 1638 ἐγένετο
536 1551 706 1638 διάδηλος,
725 1549 814 1619 ’ὥστε
833 1554 888 1618 καὶ
907 1550 966 1620 τὸν
985 1556 1053 1620 τῶν
1073 1557 1220 1638 Περσῶν
1237 1561 1326 1640 βασι-

183 1661 256 1744 λέα,
279 1659 339 1727 τὸν
357 1658 567 1746 καλούμενον
587 1656 813 1744 Ἀρταξέρξην,
836 1659 963 1746 γράψαι
983 1659 1066 1749 πρὸς
1083 1656 1251 1748 ’Ῥστάνην
1272 1666 1327 1747 τῆς

182 1772 242 1836 τού
278 1764 405 1852 ἀνδρὸς
441 1771 562 1853 σοφίας
602 1764 772 1851 δεόμενον.
829 1765 999 1848 βασιλεὺς
1030 1768 1199 1851 βασιλέων
1231 1770 1326 1855 μέγας

178 1873 388 1960 Ἀρταξέρξης
415 1870 555 1960 ’Τστάυῃ
583 1869 831 1957 Ἑλλησπόντου
862 1869 1000 1961 ὑπάρχῳ
1033 1876 1172 1959 χαίρειν.
1222 1872 1323 1944 Ἱππο-

142 1999 167 2039 15
180 1981 324 2067 κράτους
356 1984 473 2066 ἰητροῦ
501 1978 621 2069 Κηίου,
654 1976 718 2045 ἀπὸ
745 1975 945 2064 Ἀσκληπιοῦ
971 1978 1166 2067 γεγονότος,
1199 1988 1247 2063 είς
1272 1982 1323 2070 ἐμὲ

179 2088 274 2167 κλέος
305 2083 441 2174 ἀφῖκται
473 2089 597 2171 τέχνης.
652 2084 711 2163 δὸς
744 2078 806 2153 οὖν
841 2081 929 2176 αὐτῷ
963 2083 1091 2172 χρυσὸν
1125 2084 1253 2157 ὁπόσον
1282 2085 1320 2156 ἀν

180 2195 355 2280 βούληται,
388 2194 443 2260 καὶ
475 2185 577 2259 τᾶλλα
610 2191 718 2278 χύδην
751 2183 799 2258 ὧν
829 2197 994 2292 σπανίζει,
1025 2193 1081 2258 καὶ
1110 2195 1218 2281 πέμπε
1245 2194 1320 2281 πρὸς

180 2297 295 2388 ἡμέας·
324 2305 413 2367 ἔσται
443 2297 507 2385 γάρ
532 2297 681 2385 ἰσότιμος
704 2299 865 2385 Περσέων
888 2311 976 2365 τοῖσι
1000 2297 1175 2386 ἀρίστοισι.
1220 2303 1321 2370 καλεῖ

179 2435 228 2488 τις
247 2406 348 2487 ἀλλος
366 2407 456 2475 ἐστίν
475 2402 562 2491 ἀνὴρ
581 2402 652 2473 κατ’
670 2402 838 2491 Εὐρώπην
858 2401 997 2494 ἀγαθός,
1015 2412 1118 2494 φίλον
1138 2417 1219 2501 οῖκφ
1235 2416 1317 2496 βασι-

140 2534 166 2572 2⁰
180 2516 261 2595 λέως
283 2521 399 2583 τίθεσο
423 2514 467 2602 μη
491 2513 691 2601 φειδόμενος
715 2511 832 2598 όλβου·
855 2510 981 2599 ἀνδρας
1006 2512 1070 2601 γάρ
1096 2512 1209 2601 εὑρεῖν
1228 2521 1315 2584 δυνα-

180 2624 303 2710 μένους
335 2650 365 2690 τι
397 2620 479 2690 κατά
509 2624 718 2707 συμβουλίην
751 2616 792 2687 οὐ
823 2618 952 2708 ῥᾴδιον.
1004 2624 1155 2708 ἔρρωσό.
1205 2627 1241 2690 αί
1263 2620 1313 2710 μὲν

181 2721 243 2797 οὖν
269 2743 449 2817 γραφεῖσαι
476 2727 556 2816 παρ’
577 2725 816 2811 Ἱπποκράτους
845 2733 956 2814 βίβλοι
979 2731 1059 2795 πάσι
1083 2743 1155 2809 τοῖς
1177 2754 1312 2817 μετερχο-

180 2830 300 2924 μένοιςΙ
324 2835 386 2917 τὴν
419 2841 570 2923 ίατρικην
600 2833 784 2920 ἐπιστήμην
819 2838 971 2920 ἔκδηλοι,
1004 2836 1060 2903 καὶ
1091 2835 1198 2917 οὕτως
1225 2834 1312 2921 αὐτάς

179 2943 442 3023 κατασπάζονται
470 2940 514 3022 ὡς
540 2945 625 3010 θεοῦ
653 2940 769 3027 φωνάς
796 2943 852 3009 καὶ
876 2939 939 3010 οὐκ
962 2939 1186 3029 ἀνθρωπίνου
1208 2948 1310 3031 προελ·

141 3074 166 3113 ιε
180 3047 311 3127 θούσας
338 3050 372 3115 ἐκ
400 3048 574 3135 στόματος·
601 3047 688 3135 πλὴν
716 3051 783 3115 τῶν
814 3051 850 3115 έν
878 3048 1022 3134 πράτοις
1049 3051 1105 3118 καὶ
1128 3049 1223 3138 ἡμεῖς
1244 3048 1310 3118 ἀπο-

180 3152 486 3242 μνημονεύσωμεν]
532 3154 645 3240 πράτη
672 3153 733 3239 μὲν
757 3146 819 3221 ούν
843 3160 959 3238 βίβλος
981 3152 1001 3242 ἡ
1025 3155 1086 3224 τὸν
1110 3154 1214 3245 ὅρκον
1236 3180 1310 3241 περι

181 3261 316 3347 έχουσα,
345 3263 482 3349 δευτέρα
511 3260 548 3329 δὲ
575 3259 595 3348 ἡ
622 3258 679 3339 τάς
701 3259 908 3345 προγνώσεις
931 3263 1159 3349 ἐμφαίνουσα,
1186 3255 1310 3349 τρίτηῆ

179 3371 247 3435 τῶν
270 3363 481 3454 άφορισμῶυ,
505 3365 728 3452 ἀνθρωπίνην
751 3363 1001 3452 ὑπερβαίνουσα
1020 3368 1169 3438 σύνεσιν.
1215 3367 1313 3455 τετάρ

180 3500 240 3559 την
269 3474 362 3553 τάξιν
391 3475 488 3562 έχέτω
516 3471 536 3558 ἡ
565 3471 819 3559 πολυθρύλητος
847 3474 902 3539 καὶ
930 3468 1216 3564 πολυθάύμαστος
1235 3474 1315 3561 Ἑξη

254 3686 267 3733 1
289 3680 340 3735 τοῦ
359 3686 457 3734 Λεοντ.
477 3697 530 3735 om.
550 3679 626 3733 Εκιί.
718 3683 733 3730 3
754 3672 898 3750 ἐπιβαλεῖν
919 3711 951 3719 -
970 3684 1067 3753 πρεσβ.
1087 3699 1142 3737 om.
1162 3682 1239 3738 Eud.

181 3757 247 3814 νέον
270 3757 410 3831 πρεσβύτῃ
431 3777 499 3816 corr.
519 3760 656 3813 Kusterus
680 3757 736 3829 νέῳ
755 3756 914 3827 πρεσβύτην
932 3759 998 3814 libri
1089 3770 1104 3817 ‘1
1124 3779 1182 3832 seq.
1201 3762 1271 3818 haee
1290 3776 1320 3816 ex

182 3840 281 3893 Sorani
309 3840 369 3895 vita
395 3841 528 3910 Hippocr.
557 3839 674 3906 aliisque
702 3838 827 3892 fontibus
861 3841 1051 3898 contaminant
1079 3860 1141 3898 εεεε
1171 3844 1231 3899 dixi
1256 3842 1321 3897 Μοε.

180 3919 268 3972 Rhen.
288 3920 406 3974 XXXIV
424 3941 450 3990 p.
471 3927 535 3988 213,
560 3921 634 3973 certe
655 3915 686 3972 ἐν
709 3917 741 3971 δὲ
765 3925 878 3980 ταῖς-
898 3916 1034 3991 στόματος
1058 3923 1103 3992 (cf.
1124 3924 1323 3990 Westermann,

181 3999 272 4069 Biogr.
294 4020 319 4069 p.
339 4007 405 4068 4153
434 4001 554 4070 epistola
578 4000 655 4054 extat
677 3998 706 4051 in
729 3998 860 4068 Hippoor.
882 3999 922 4052 ΙΙΙ
944 4019 972 4070 p.
994 4008 1046 4056 272
1067 4002 1184 4073 Κάμμῃ
1210 4005 1322 4059 fortasse

182 4079 264 4134 etiam
286 4081 343 4134 alia
362 4081 463 4135 Suidae
487 4081 635 4147 debentur,
662 4078 739 4132 velut
757 4079 805 4132 καλ
825 4080 968 4148 Προδίκου
995 4082 1024 4136 ολ
1047 4081 1175 4153 διέτριψε
1199 4094 1261 4154 ⁸qu
1279 4082 1323 4153 (uf.

181 4161 327 4215 Westerm.
347 4180 373 4230 p.
389 4167 441 4216 450
461 4163 490 4214 οῖ
508 4162 571 4228 452)
592 4163 620 4215 et
639 4179 659 4215 s.
679 4162 724 4214 fin.
744 4161 878 4215 librorum
897 4162 995 4216 tabula
1068 4170 1099 4217 11
1120 4164 1170 4218 καὶ
1187 4165 1273 4220 πᾶσιν
1290 4194 1324 4205 -

181 4239 296 4311 βασιλέα
316 4259 369 4296 om.
384 4247 407 4293 V
482 4247 513 4293 14
529 4236 658 4294 Ὗστάνει
678 4242 765 4308 Ηίῃῃ.
781 4235 914 4294 ’Τστάναι
933 4242 979 4296 vel
998 4262 1027 4313 -ῃ
1046 4242 1112 4297 libn‘
1177 4248 1211 4299 15
1229 4242 1279 4315 παλ
1297 4238 1325 4307 le

184 4317 231 4388 ἐμὲ
252 4320 331 4383 κλέος
350 4316 401 4388 ἀφ.
421 4321 471 4388 τῆς
489 4316 588 4388 τέχνης
608 4351 639 4359 -
660 4316 763 4375 ὁκόσον
778 4318 860 4374 --τά
879 4317 949 4375 ἀλλα
969 4354 1002 4361 -
1022 4318 1051 4385 ές
1069 4318 1160 4392 ἡμέας
1177 4324 1266 4393 Hipp.

184 4405 215 4452 18
235 4406 323 4454 τοῖσιν
340 4398 494 4469 ἀρίστοισιν
509 4404 558 4451 ΔΕ
577 4406 635 4463 τοῖς
649 4397 772 4470 ἀρίστοις
787 4433 819 4440 -
836 4398 910 4455 ἔστιν
929 4397 1012 4464 ἀλλος
1028 4402 1116 4472 Hipp.
1178 4408 1214 4459 28
1230 4400 1327 4475 τετάρ-

183 4498 228 4546 τη,
248 4475 327 4544 τάξιν
346 4481 418 4550 νκλῃ.
433 4479 510 4535 Eud.
