2910 5056
188 306 229 375 58
646 311 858 368 HESYOHIUS.

187 473 334 557 ίστορίας
353 471 488 553 τοπικὰς
507 476 543 542 έν
565 479 707 560 βιβλίοις
728 474 988 565 ς’,Ιοίκουμένης
1005 474 1217 564 περιήγησιν,
1245 478 1332 544 ίστο-

188 581 261 663 ρίας
283 584 496 666 παιδευτικῆς
519 586 632 667 βιβλία
656 580 708 673 ιἸ.

276 687 448 755 CCXXIII.
488 689 744 769 Διονύσιος
769 688 1030 778 Ἀλεξανδρείας,
1056 681 1097 757 οὗ
1125 681 1230 777 εὗρον
1254 687 1349 765 ὑπό-,

186 820 299 880 μνημα
323 799 370 874 είς
392 794 453 863 τὸν
478 795 715 883 ἐκκλησιαστὴν
739 799 963 883 Σολομῶντος
985 801 1062 864 λίαν
1086 794 1265 883 εὐφραδές.

160 918 173 959 ⁵
277 902 450 970 CCXXIV.
496 909 768 990 Διοσκορίδης
798 902 1015 990 Ἀναζαρβεδς
1047 902 1176 988 ίατρός,
1215 901 1234 971 ὁ
1270 906 1334 972 ἐπι·

185 1008 322 1094 κληθεὶς
352 1014 465 1090 Φακᾶς
494 1010 549 1078 διὰ
577 1008 655 1092 τοὺς
683 1011 735 1079 ἐπὶ
762 1015 820 1096 τῆς
844 1009 952 1091 ὅψεως
975 1009 1112 1097 φακούς.
1159 1013 1274 1096 συνῆν
1300 1009 1335 1078 δὲ

187 1115 385 1206 Κλεοπάτρᾳ
408 1119 459 1186 ἐπὶ
476 1116 668 1202 Ἀντωνίου,
691 1119 745 1186 καὶ
764 1120 946 1205 γέγραπται
965 1115 1054 1210 αὐτῷ
1074 1122 1188 1204 βιβλία
1206 1117 1277 1203 κδ’,
1296 1116 1334 1185 τὰ

186 1219 294 1290 πάντα
318 1224 447 1306 ίατρικδι
471 1225 659 1313 περιβόητα.

276 1331 433 1401 CCXXV.
471 1333 713 1422 Διοσκόριος
733 1340 889 1417 Μυραίος
911 1331 1146 1419 γραμματικός,
1171 1330 1336 1421 [ὕπαρχος

147 1453 172 1492 1⁰
188 1436 315 1516 πόλεως
342 1438 396 1505 καὶ
424 1446 651 1528 πραιτωρίων,
683 1438 701 1508 ὁ
733 1439 869 1521 διδάξας
896 1436 953 1518 τάς
975 1442 1163 1526 θυγατέρας
1189 1440 1336 1521 Λέοντος

186 1547 246 1610 τοῦ
270 1547 430 1629 βασιλέως
454 1548 490 1614 έν
514 1553 709 1638 Βυζαντίῳ]

276 1663 449 1730 CCXXVI.
496 1669 605 1732 Δίων
632 1661 829 1752 Ἱππαρίνου
861 1663 1111 1751 Συρακούσιος,
1143 1663 1338 1751 φιλόσοφος

185 1768 412 1853 Πλατωνικός,
436 1775 496 1839 τοῦ
516 1778 671 1848 Σικελίας
688 1772 860 1858 τυράννου
880 1776 1069 1839 Διονυσίου
1087 1774 1148 1839 τοῦ
1166 1774 1338 1857 προτέρου

184 1881 243 1962 τῆς
265 1880 407 1964 γαμετῆς
423 1875 658 1966 Ἀριστομάχης
681 1877 837 1966 άδελφός,
862 1875 898 1958 ὃς
914 1879 969 1946 καί
985 1876 1141 1965 ἐκράτησε
1160 1883 1222 1966 τῆς
1241 1888 1338 1948 Σικε-

144 1990 256 2063 15’λίας
279 1989 489 2072 τυραννίδος,
514 1985 663 2071 ἐκβαλὼν
685 1984 745 2054 τὸν
768 1990 829 2053 τοῦ
852 1987 1016 2071 προτέρου
1039 1991 1230 2055 Διονυσίου
1247 1987 1338 2066 ,υίὸν

185 2090 389 2177 Διονύσιον,
420 2085 462 2160 οὗ
489 2093 590 2161 πάλιν
619 2091 765 2179 άδελφὸς
788 2100 931 2172 Νισαίας
959 2094 1090 2178 ἐξέβαλε
1114 2098 1236 2161 Δίωνα
1261 2099 1338 2163 τοῦ·

184 2225 254 2269 τον.
299 2204 443 2285 ἔγραψεν
467 2200 641 2279 ἐπιστολὰς
664 2199 747 2284 πρὸς
770 2199 936 2268 Πλάτωνα
959 2199 1014 2267 καὶ
1038 2199 1140 2280 ἄλλας
1162 2201 1272 2283 τινάς.

256 2405 270 2453 1
289 2397 434 2468 γέγραφεν
452 2395 577 2465 ίστορίαν
596 2399 671 2452 Ειαί.
690 2393 809 2458 τοπικὰς
832 2399 950 2467 suspect.
968 2398 1164 2468 Βονκλιανᾱγο,
1184 2400 1235 2468 qui
1255 2401 1339 2471 flagi-

183 2479 256 2534 tavit
279 2476 463 2548 σνμποτικάς,
483 2476 601 2542 τοπικὰς
618 2481 713 2533 tuetur
730 2480 827 2544 Βαιιὰς
846 2479 921 2534 idem
941 2479 1106 2548 opusculum
1125 2495 1185 2533 esse
1207 2497 1274 2534 cum
1295 2499 1338 2551 ec,

184 2560 258 2629 quod
277 2558 371 2628 Stepb.
387 2560 451 2626 Byz.
471 2563 507 2625 (v.
529 2555 648 2628 Ταρσὸς)
669 2556 819 2621 Διονύσιος
841 2555 856 2613 δ
879 2560 955 2626 epe}
980 2556 1012 2613 ἐν
1035 2560 1072 2632 τῷ
1094 2558 1158 2627 περὶ
1178 2556 1271 2631 Ῥόδῳ
1298 2561 1338 2615 di·

182 2641 266 2708 xerit,
286 2641 382 2694 monet
396 2640 556 2693 Gctschmid
576 2637 694 2706 ἱστορίαι
712 2641 897 2693 παιδευτικαί
906 2658 963 2694 non
977 2639 1100 2694 diversas
1116 2656 1178 2693 esse
1194 2656 1212 2693 a
1231 2637 1338 2702 κύκλος

184 2715 322 2784 ἱστορικός
341 2722 377 2786 (v.
397 2738 422 2773 n.
443 2722 505 2784 221)
524 2719 572 2787 qui
592 2718 685 2772 Samio
705 2718 824 2787 dandus,
842 2720 915 2776 vidit
934 2721 1067 2786 Welclcer,
1083 2719 1137 2789 Ἐρ,
1157 2720 1238 2786 cycl.
1258 2741 1288 2792 p.
1307 2728 1339 2777 ⁷5

185 2807 197 2853 1
219 2799 313 2870 βιβλία
333 2797 362 2864 ἓξ
380 2802 451 2869 urcio.
468 2801 542 2854 Ειιά.
564 2799 662 2867 scripsi
680 2816 743 2852 cum
757 2805 807 2853 AV
862 2807 877 2854 2
899 2798 1006 2868 οίκουμ.
1026 2818 1135 2866 περιηγ.
1156 2799 1195 2852 ad
1213 2801 1340 2855 Alexan-

184 2880 307 2946 drinum,
329 2879 427 2934 Glauci
446 2880 547 2946 filiurn,
567 2880 692 2947 spectare
711 2879 784 2934 vidit
799 2881 911 2935 Μαλλίου.
937 2880 1097 2934 Gatschmid
1115 2878 1186 2933 duos
1206 2883 1340 2935 auctores

183 2960 360 3028 perturbatos
379 2977 437 3015 esse
456 2962 564 3024 monet,
583 2977 652 3028 quos
672 2960 711 3013 sic
731 2960 944 3030 distinguendos
962 2959 1058 3028 putat:
1084 2953 1238 3021 Διονάσιος
1258 2965 1339 3015 Μου-

184 3042 285 3094 σωνίου
307 3037 434 3108 ΙῬόδιος
456 3035 473 3110 ἢ
500 3038 647 3117 λ’Σάμιος,
671 3037 816 3108 λστορικός.
843 3043 847 3106 Ι
872 3032 907 3107 ἦν
932 3037 963 3093 δὲ
988 3039 1038 3106 καλ
1056 3035 1150 3103 ίερεὰς
1167 3039 1222 3092 τοῦ
1243 3035 1338 3094 έκεὶσε

184 3116 261 3184 ἱεροῦ
279 3121 329 3174 τοῦ
349 3117 451 3176 Ἡλίου.
490 3117 632 3188 ἴστορικάς
651 3118 771 3183 ’τοπικὰς
795 3119 826 3176 ἐν
850 3121 965 3190 βιβλίοις
985 3117 1023 3184 έξ.
1045 3121 1049 3186 Ι
1070 3117 1195 3187 ἴστορίας
1214 3123 1340 3175 παιδευ·

184 3201 263 3270 τικῆς
282 3203 375 3271 βιβλία
395 3199 411 3255 ι’

255 3282 391 3337 CCXXIII
406 3300 460 3337 om.
476 3284 515 3336 W
512 3288 613 3337 σείοντα.
633 3282 674 3337 De
687 3284 739 3337 hac
754 3282 887 3350 Hesychii
904 3282 964 3335 vita
975 3280 1032 3333 dixi
1045 3279 1116 3334 Μαι.
1129 3279 1221 3334 Rhen.
1232 3281 1340 3337 XXXV

183 3381 210 3431 p.
228 3368 286 3416 194.
307 3361 347 3419 Of.
363 3363 457 3429 Daub,
474 3363 551 3418 Stud.
567 3383 594 3432 p.
611 3370 669 3419 130.
698 3363 739 3416 Dc
755 3361 961 3417 commentariis
981 3361 1041 3414 eius
1060 3360 1222 3415 accuratius
1243 3363 1339 3434 dispu-

182 3443 254 3496 tavit
269 3443 452 3511 Hieronymus
468 3460 490 3497 c.
507 3450 553 3498 69:
573 3444 627 3508 „ad
644 3443 793 3497 Basilidem
810 3461 919 3512 quoque
933 3441 1039 3496 multae
1054 3439 1207 3509 epistulae,
1222 3442 1254 3496 in
1268 3462 1339 3513 qua-

182 3541 242 3575 rum
258 3539 314 3576 una
328 3540 358 3576 se
373 3522 472 3576 asserit
485 3523 570 3577 etiam
585 3523 615 3576 iu
624 3521 811 3577 Ecclesiasten
828 3524 951 3593 coepisse
966 3522 1085 3577 scribere
1097 3525 1339 3578 commentarios“

183 3607 199 3654 3
219 3594 337 3662 οὰτοςΑ
358 3598 387 3666 ἐξ
404 3597 450 3655 ’At
470 3604 541 3669 νιιλγ.
563 3600 592 3666 ἐξ
608 3621 661 3657 orn.
676 3609 725 3655 ΑΕ
798 3609 814 3655 4
833 3603 1004 3669 Σολομῶνια
1017 3603 1089 3669 culo.
1110 3602 1302 3668 Σολομῶντος
1317 3609 1340 3656 Δ

255 3680 389 3734 CCXXIV
408 3681 483 3735 Εικλ.
502 3699 528 3749 p.
549 3688 608 3737 224.
649 3683 687 3737 Cf.
709 3682 803 3751 Steph.
823 3683 888 3750 Byz.
907 3701 932 3735 v.
950 3677 1103 3750 Ἀνάζαρβα
1178 3686 1195 3734 5
1223 3686 1340 3755 βοτανι-

183 3755 233 3821 κὸς
247 3759 311 3814 add.
326 3760 411 3826 Eud„
429 3777 483 3828 quo
499 3761 533 3815 de
548 3762 743 3816 additamento
758 3778 812 3814 non
826 3763 902 3814 recte
918 3759 1075 3829 disputavit
1085 3759 1173 3814 Βακὰ
1233 3769 1249 3816 6
1266 3763 1339 3818 duos

185 3840 282 3900 Φακᾶς
297 3840 411 3893 Suidam
432 3841 487 3906 (vel
506 3841 598 3909 potius
614 3843 796 3911 Hesychium)
811 3841 980 3895 confundere
994 3840 1133 3894 Κκελιιιιε
1151 3839 1262 3910 aliique
1276 3861 1340 3898 mo-

181 3920 302 3973 nuerunt
321 3915 368 3972 διὰ
388 3915 419 3973 τὸ
441 3917 487 3974 ἐπὶ
505 3922 554 3989 τῆς
573 3915 621 3986 ὂψ.
642 3919 717 3988 ἔχειν
735 3917 853 3982 πολλοὺς
872 3938 940 3989 φακ.
960 3920 1035 3975 Eud.
1093 3927 1109 3973 6
1128 3918 1162 3974 δὲ
1182 3937 1241 3976 om.
1258 3924 1338 3978 Eud.

183 4006 198 4054 ‘1
217 3999 267 4054 καὶ
281 4017 336 4067 seq.
353 4018 406 4054 om.
420 4005 443 4052 V
514 3999 640 4070 γέγραφε
660 4002 734 4055 Euo.

254 4079 350 4135 CCXV
373 4098 426 4136 om.
447 4081 585 4137 Westerm.
621 4082 750 4136 Fortasse
772 4084 834 4136 tota
859 4081 952 4149 glossa
977 4079 1162 4150 expungenda
1185 4084 1245 4151 est,
1273 4102 1338 4139 cum

182 4163 277 4215 manet
295 4178 329 4215 ex
347 4161 384 4229 gl.
405 4157 548 4229 Θυάτειρα
568 4162 628 4230 (ubi
645 4163 748 4216 lemma
766 4162 924 4232 θυγατέρες
942 4159 1063 4223 Λέοντος
1083 4161 1223 4217 excidisse
1244 4167 1338 4235 suspi-

183 4258 241 4306 cor3
267 4240 300 4294 cf.
320 4241 405 4295 etiam
425 4259 450 4294 v.
471 4238 614 4304 Νικόλαος
632 4239 763 4312 Μάρων),
787 4245 862 4298 certe
881 4243 967 4296 verba
989 4235 1116 4310 ὕπαρχος
1135 4273 1169 4281 -
1189 4244 1259 4299 exit.
1294 4244 1337 4300 cf.

182 4320 253 4376 Mus.
273 4320 362 4374 Rhen.
381 4321 485 4375 XXXV
503 4340 530 4389 p.
550 4327 602 4375 209

254 4398 388 4452 CCXXVI
406 4400 482 4455 Ειιά.
502 4418 529 4468 p.
549 4406 601 4454 237
675 4409 707 4456 13
727 4404 777 4457 τοῦ
796 4404 929 4464 Σικελίας
948 4435 981 4443 -
1000 4402 1102 4457 τοῦτον
1122 4419 1177 4457 om.
1197 4402 1277 4460 Eud.

185 4484 217 4531 16
236 4469 287 4532 οὖν
300 4483 323 4530 V
378 4485 410 4534 17
430 4473 515 4541 άλλας
533 4476 613 4542 τινάς
630 4497 700 4537 corr.
715 4483 936 4539 Ηοιαείινίιιιεάιιε
954 4476 1055 4545 ἄλλους
1072 4477 1154 4544 τινάς
1168 4482 1250 4551 libri,
1268 4489 1337 4555 post
