2910 5056
594 284 789 342 APPENDIX.
1199 269 1264 333 255

207 448 465 519 ἐπαναστάντων
493 448 530 515 δὲ
554 444 643 538 αὐτῷ
667 451 736 517 τῶν
755 447 957 536 Ἀθηναίων,
981 447 1195 538 ὑπεχώρησεν
1219 452 1265 527 είς

118 561 267 628 Χαλκίδα
286 560 451 625 τοσοῦτον
466 552 625 642 ὑπειπών,
648 551 694 633 ὥς
712 552 770 622 εοὐ
784 556 989 644 συγχωρήσω
1003 553 1195 643 Ἀθηναίοις
1214 558 1266 634 δὶς

113 665 279 755 ’ἁμαρτεῖν
297 668 345 744 είς
361 666 569 750 φιλοσοφίαν
576 663 596 729 ’.
620 662 689 729 ἐπεὶ
704 659 742 728 δὲ
755 659 840 747 <οά>
853 660 894 729 τά
909 661 993 731 αὐτά
1006 662 1200 751 καθήκοντα
1219 654 1262 749 ήν

118 779 236 863 πολίτῃ
259 773 315 839 καὶ
339 772 421 861 ξένῳ
445 770 519 856 περὶ
538 767 601 855 τήν
624 772 691 837 τοῖν
712 766 905 855 Ἀθηναίων
926 770 1043 858 πόλιν,
1065 772 1264 840 ἐπιστέλλων

114 880 317 969 Ἀντιπάτρῳ
333 877 454 964 γράφει
468 874 506 943 τὸ
523 873 684 962 Ἀθήνησι
704 878 887 966 διατρίβειν
907 879 1050 964 ἐργῶδες
1065 877 1186 966 (ὄγχνη
1200 876 1294 962 γὰρῡ

119 985 169 1055 ἐπ’
199 986 302 1074 όγχνη
324 984 498 1072 γηράσκει,
520 987 623 1050 σῦκον
650 980 681 1049 δ’
705 983 757 1049 ε’πλ
783 981 897 1073 σόκῳ’,
925 983 986 1070 τήν
1014 984 1176 1073 διαδοχήν
1197 989 1264 1052 των

121 1092 427 1180 συκοφαντούντων
452 1088 689 1176 αίνιττόμευος.
730 1090 790 1169 ,καὶ
812 1095 946 1181 τελευτᾷ
970 1094 1074 1160 ἐκεῖσε
1097 1090 1267 1177 διαθήκην

122 1207 292 1289 ἔγγραφον
306 1196 507 1282 καταλιπών,
521 1191 541 1282 ἢ
557 1198 691 1283 φέρεται
706 1198 795 1282 παρά
811 1222 845 1263 τε
857 1194 1059 1289 Ἀνδρονίκῳ
1073 1200 1129 1266 καὶ
1143 1204 1267 1266 Πτολε-

122 1312 207 1399 μαίῳ
222 1305 302 1394 μετὰ
317 1303 419 1392 <τόν>
430 1308 554 1370 πίνακα
568 1307 635 1371 τῶν
650 1300 755 1371 αὐτοῦ
770 1303 1047 1391 συγγραμμάτων,
1063 1306 1115 1373 ίπλ
1130 1304 1265 1391 <παισὶ>
1284 1310 1303 1367 9

123 1414 183 1502 μὲν
198 1414 379 1500 Νικομάχῳ
398 1411 454 1477 καὶ
469 1414 634 1495 Πυθαΐδι,
653 1415 805 1495 γνησίοις
821 1410 858 1477 δὲ
873 1420 1039 1497 μαθηταῖς
1052 1410 1268 1500 Θεοφράστῳ,
1284 1438 1309 1477 ιο

128 1525 245 1610 Φανίᾳ,
269 1517 478 1609 Εὐ<δήμῳ>,
501 1520 638 1609 Κλυτῳ,
660 1513 891 1607 Ἀριστοξένῳ,
916 1516 1125 1609 Δικαιάρχῳ,
1149 1517 1270 1586 συντά-

124 1645 225 1713 γμασι
249 1625 286 1693 δὲ
310 1631 428 1712 χιλίοις
455 1622 515 1692 τὸν
539 1621 700 1710 άριθμόν,
729 1622 835 1691 πολλὰ
864 1623 925 1710 μὲν
949 1623 1160 1711 δυν<άμενος
1181 1624 1271 1712 παρὰ

125 1737 213 1817 τοῖς)
232 1729 303 1799 κατ’
321 1730 425 1799 αὐτὸν
444 1734 634 1816 βασιλεῦσι,
656 1735 824 1821 Φιλίππῳ,
836 1727 1043 1816 Ὀλυμπιάδι,
1055 1728 1271 1823 Ἀλεξάνδρῳ,

123 1838 336 1930 Ἀντιπάτρῳ,
359 1841 399 1926 τῇ
424 1838 461 1905 δὲ
480 1837 620 1922 δυνάμει
642 1833 817 1926 όρ<γάνῳ>
836 1843 1039 1923 φιλοσοφίας
1056 1840 1272 1925 χρησάμενος.

127 1949 216 2014 ίδιον
236 1945 273 2035 δὲ
295 1948 353 2032 τής
372 1943 619 2030 Ἀριστοτέλους
638 1948 839 2030 φιλοσοφίας
857 1941 894 2011 τὸ
914 1941 959 2030 μή
977 1941 1185 2029 άφίστασθαι
1203 1949 1271 2012 τῶν
1286 1971 1312 2012 15

127 2054 292 2139 ἐναργῶν·
324 2049 405 2139 μετά
429 2048 492 2136 γάρ
515 2047 575 2128 τάς
599 2046 782 2130 άποδειῖεις
805 2050 860 2117 καὶ
882 2049 962 2129 τοὺς
983 2048 1129 2130 πολλοὺς
1151 2049 1273 2138 μαρτύ-

128 2181 231 2246 ρεται·
263 2159 319 2225 καὶ
350 2161 386 2226 ἐν
416 2161 461 2248 τῷ
496 2159 572 2246 περὶ
605 2155 754 2243 οὐρανοῦ
782 2156 861 2237 τοὺς
893 2162 1073 2244 πλανήτας7
1088 2156 1274 2245 ἀνωμάλως

128 2274 298 2334 κινεῖσθαι
322 2267 410 2351 λέγει
429 2262 486 2331 διά
503 2261 566 2351 τήν
585 2262 777 2350 ἐνάργειαν,
800 2268 890 2351 (τῶν
909 2269 1085 2352 σφαιρῶν>
1108 2268 1176 2334 τῶν
1199 2262 1274 2333 ἆνε-

129 2375 312 2440 λιττονσων
338 2371 400 2457 τήν
425 2368 553 2458 ἱμαλήν
579 2375 713 2455 κίνησιν
738 2376 934 2452 σωζονσων·
964 2372 1020 2439 καὶ
1049 2375 1086 2440 ἐν
1107 2386 1179 2451 ταῖς
1201 2398 1274 2439 κατ-

130 2485 280 2567 ηγορίαις
302 2476 559 2565 καταπλήττεται
582 2475 643 2557 τάς
665 2473 810 2564 άτόμους
829 2476 953 2567 οὐσίας,
976 2480 1032 2547 καὶ
1051 2482 1276 2568 π<ροτί>θησι
1289 2506 1315 2545 ιο

133 2590 201 2654 τῶν
222 2587 376 2656 καθόλου
400 2583 455 2653 διὰ
479 2584 588 2672 μόνην
611 2582 672 2671 τήν
692 2583 880 2671 ἐνάργειαν·
908 2587 964 2654 καὶ
983 2586 1046 2673 γὰρ
1066 2583 1116 2654 ὅτι
1134 2585 1175 2654 τά
1193 2596 1276 2656 καθ-

133 2693 215 2762 όλου
245 2692 306 2762 οὐκ
336 2698 404 2761 ἔστι
435 2693 491 2760 καὶ
520 2694 556 2760 ἐν
588 2704 659 2769 τοῖς
685 2691 760 2777 περὶ
790 2695 898 2778 ψυχῆς
920 2712 1016 2780 φησι
1053 2691 1106 2761 ’τὸ
1132 2692 1169 2760 δὲ
1192 2696 1277 2774 ζῶον

131 2801 169 2868 τὸ
194 2799 346 2869 καθόλου
369 2798 443 2886 ήτοι
463 2796 565 2866 οὐδέν
588 2799 678 2864 ἐστιν
701 2792 721 2882 ή
745 2794 918 2883 ὕστερου’·
942 2794 1069 2885 ἀσαφὲς
1091 2796 1155 2884 γάρ
1178 2796 1216 2865 τὸ
1240 2799 1277 2867 ἐν

134 2921 205 2986 τοῖς
233 2914 369 2986 πολλοῖς
393 2903 561 2985 καθόλου,
592 2900 645 2970 διὸ
674 2902 729 2970 καὶ
756 2902 992 2989 καταναγκάζει
1019 2903 1128 2973 πάντα
1156 2907 1192 2972 ἐκ
1219 2908 1279 2991 τῆς

28 3025 34 3032 ’
134 3016 315 3100 ἐναργείας.

206 3217 222 3264 3
241 3205 275 3265 οὗ
295 3210 358 3265 add.
373 3208 481 3275 Rohde,
500 3201 632 3260 σάκεσίν
651 3196 687 3272 ἦν
702 3204 806 3273 Bolbe,
825 3201 900 3260 αότά
918 3224 972 3264 om.
987 3210 1058 3277 cod„
1077 3210 1125 3263 sed
1144 3208 1175 3262 in
1189 3224 1277 3277 marg.

135 3291 264 3346 additum
278 3292 321 3344 esi
374 3296 391 3342 4
406 3288 470 3356 περὶ
481 3318 513 3326 —
524 3282 607 3340 πόλιν
621 3286 820 3340 commutanda
833 3289 883 3341 aut
896 3289 1081 3359 expungenda
1094 3291 1177 3359 putat
1187 3287 1280 3343 Robbe

136 3377 150 3425 '1
172 3366 290 3440 ἐιεῑ[σε]
305 3370 443 3438 expuncta
457 3369 583 3421 extrema
596 3365 707 3434 syllaba
719 3365 814 3435 inepte
831 3367 924 3422 Robbe
978 3375 994 3422 9
1008 3388 1079 3441 μετα
1095 3414 1101 3426 .
1117 3412 1123 3423 .
1139 3411 1145 3422 .
1162 3412 1168 3424 .
1183 3388 1279 3424 πινακ.

135 3449 197 3504 eod.
217 3448 393 3503 corr‚Robbe
450 3448 530 3502 παισὶ
549 3464 603 3501 om.
623 3446 683 3500 cod.
703 3447 765 3501 add.
785 3447 878 3503 Robbe
940 3455 971 3503 11
992 3445 1025 3505 εό
1041 3495 1046 3506 ,
1062 3494 1069 3508 .
1086 3449 1197 3520 ,κλυτςό
1218 3448 1279 3504 οοδ.
1361 3458 1366 3466 ·

141 3548 176 3584 ex
193 3528 283 3583 latina
295 3528 429 3583 Versione
447 3529 557 3583 textum
570 3527 695 3583 restituil
708 3525 802 3582 Robbe
862 3534 893 3582 12
910 3525 997 3582 πολλά
1013 3527 1064 3599 μὲν
1079 3532 1132 3584 δνν
1149 3571 1278 3586 ........
1367 3593 1369 3597 ,

136 3604 200 3664 κατ’
221 3611 282 3664 cod.
302 3609 392 3680 suppl.
411 3609 504 3664 Robbe
576 3615 609 3662 14
628 3603 750 3677 δυνάμει
768 3601 801 3674 ὄρ
817 3648 912 3662 .....
927 3610 1097 3676 φιλοσοφίας
1116 3609 1185 3677 cod.¹
1205 3608 1280 3678 quod

137 3691 226 3760 suppl.
242 3690 335 3744 Robbe
353 3688 417 3744 coll.
435 3689 485 3742 lai.
504 3704 575 3743 vers.
592 3687 761 3758 ‘plurimum
779 3689 873 3742 aulem
892 3704 958 3740 usus
978 3690 1020 3742 esi
1034 3704 1139 3757 organo
1157 3687 1280 3758 philoso-

136 3770 246 3838 phiae’.
283 3769 358 3826 Ἐστι.
377 3771 519 3837 transpon.
540 3769 709 3836 φιλοσοφίας
727 3763 839 3838 ὀργάνῳ
914 3773 947 3821 18
965 3769 1020 3822 τῶν
1039 3771 1166 3839 σφαιρῶν
1183 3770 1280 3837 ulique

137 3849 323 3919 supplendum
342 3865 400 3902 esse
419 3847 492 3903 vidit
507 3846 611 3913 Μάιος
635 3847 706 3900 nihil
725 3849 836 3917 praeter
854 3848 944 3916 ipsam
963 3848 1035 3903 hane
1053 3865 1150 3903 vocem
1169 3849 1280 3903 interci-

138 3929 211 3982 disse
230 3928 384 3983 arbitratur
401 3927 508 3993 Rohde,
528 3926 591 3982 coll.
610 3926 724 3981 Aristot.
744 3927 868 3996 Metaph.
888 3932 920 3996 Λ,
935 3933 951 3981 8
1028 3935 1063 3982 20
1086 3949 1106 3983 π
1121 3972 1127 3982 .
1143 3972 1149 3984 .
1167 3972 1173 3983 .
1189 3972 1195 3983 .
1211 3933 1282 3997 θησι

138 4008 207 4077 cod„
226 4009 302 4077 quod
321 4009 413 4076 suppl.
432 4006 525 4062 Robbe
600 4011 635 4060 24
654 4004 747 4061 πάντα
766 4024 835 4064 corr.
854 4007 962 4078 Rohde,
980 4003 1089 4070 πάντας
1107 4009 1169 4065 cod.
1188 4008 1282 4063 Robbe

738 4262 758 4267 .-
768 4261 843 4269 -ῳ-
