2910 5056
161 303 212 359 1211
597 304 881 362 PROLEGOMENA.

164 469 293 551 multos,
308 469 362 553 qui
377 468 411 532 in
426 467 549 534 Laertii
564 469 639 533 vitis
655 469 837 535 laudantur.
857 469 965 555 Atque
980 470 1086 535 thesin
1102 492 1195 534 suam
1210 491 1242 552 p.
1252 470 1315 535 228

164 575 208 639 sic
230 574 483 660 intellegendam
507 577 648 659 monuit,
672 580 707 640 ut
726 575 884 642 Demetrii
909 577 1079 642 thesauros
1104 598 1162 661 per
1181 576 1314 660 Argesi-

163 682 295 765 phontis
304 679 328 768 ¹)
349 680 459 767 (quem
475 680 589 747 Suidas
609 682 721 747 laudat
739 705 768 747 v.
780 677 1001 760 Ἀπολλώνιος
1021 683 1130 768 ἕτερος
1148 679 1314 768 Τυανεύς)

163 787 283 854 librum
311 786 385 873 περὶ
411 783 604 873 ὁμωνύμων
627 790 660 853 iu
684 788 884 873 Hesychium
907 791 1078 875 migrasse,
1106 812 1165 874 per
1189 790 1314 856 Dioclis

162 896 232 976 βίοι
260 891 462 979 φιλοσόφων
490 897 524 960 in
545 895 712 960 Laertium
736 894 917 981 Diogenem
941 900 1093 961 censeret.
1134 895 1315 962 Nietzschii

165 1005 273 1066 autem
293 1003 454 1067 sententia
468 1003 563 1086 plane
578 1003 768 1067 confirmata
783 1003 953 1069 videbatur
967 1003 1196 1069 dissertatione
1212 1003 1314 1095 Καλλι-

165 1108 289 1186 manni,
327 1107 457 1184 Quaest.
487 1109 569 1174 Nov.
598 1106 731 1192 (Numb.
763 1110 877 1197 1873),
914 1111 968 1195 qui
1002 1111 1075 1175 aliis
1108 1109 1314 1175 adminiculis

164 1216 298 1299 innisus,
321 1216 342 1280 i.
364 1237 390 1279 e.
414 1215 607 1299 quibusdam
631 1216 846 1302 coniungendi
869 1215 1017 1281 formulis
1038 1217 1221 1282 certissima
1240 1217 1312 1282 libri

163 1322 299 1387 alicuius
318 1319 393 1405 περὶ
413 1316 604 1406 ὁμωνύμων
625 1323 763 1408 vestigia
779 1323 941 1387 invenisse
957 1323 1019 1388 sibi
1034 1324 1121 1389 visus
1139 1327 1199 1388 est.
1231 1322 1315 1388 Sunt

163 1433 270 1493 autem
294 1430 406 1495 haece:
429 1427 494 1493 καλ
517 1424 639 1506 αύτὸς
667 1431 707 1494 ab
731 1430 894 1515 Hesychio
919 1435 1111 1515 usurpatum
1135 1454 1163 1495 v.
1181 1425 1314 1496 Ἀστυδ-

162 1530 262 1619 άμας,
290 1532 544 1618 Αιονενειανός,
573 1533 759 1613 Διονύσιος
783 1542 881 1623 Κορ,
916 1533 1109 1622 Διόδωρος,
1134 1532 1314 1620 Ἐπίνικος,

156 1635 388 1727 Ἱπποκράτης,
412 1643 682 1726 Μελανιππίδης,
708 1647 884 1719 Μουσαῖος
902 1637 983 1726 Ἐς),
1011 1639 1222 1728 Νικόμαχος,
1238 1639 1312 1726 ‘’Op-

162 1744 257 1832 φεύς,
276 1750 459 1839 Πίνδαρος,
480 1745 645 1832 Πρόκλος,
665 1747 808 1833 Σαπφώ,
832 1752 1007 1834 Τιμοκλῆς,
1031 1748 1238 1836 Τιμοκρέων,
1262 1755 1314 1816 Τί-

163 1880 247 1941 μων,
266 1859 475 1942 Τυραννίων,
493 1853 665 1945 Φιλήμων,
683 1855 932 1943 Φιλιππίδης2);
950 1856 1015 1922 καὶ
1034 1856 1166 1943 ἕτερος
1180 1882 1210 1924 v.
1227 1853 1315 1923 Ἁλκ·

163 1960 246 2047 μύν,
268 1957 475 2048 Ἀντίμαχος,
500 1966 618 2042 Λίνος;
643 1960 834 2049 νεώτερος
862 1987 889 2029 v.
914 1961 1092 2048 Σωρανός,
1116 1966 1315 2046 Παναίτιος,

163 2066 340 2154 Μαρσύας,
361 2065 516 2154 Κάδμος,
530 2065 693 2155 Ἔφορος,
715 2066 860 2155 Ἀχαιός,
885 2071 956 2135 sim.
975 2094 1003 2134 v.
1024 2072 1192 2155 Δίδυμος,
1213 2067 1313 2153 Εύρι·

163 2176 277 2259 πίδης,
298 2176 495 2260 Θεοδέκτης,
519 2180 747 2261 Καλλίμαχος,
771 2172 941 2259 Κόριννα,
965 2178 1176 2261 Σιμωνίδης,
1201 2182 1314 2262 Σοφο-

162 2283 253 2366 κλῆς,
274 2279 464 2367 Φερεκύδης
483 2283 522 2347 al.
560 2283 651 2348 Idem
670 2287 745 2367 post
763 2283 962 2348 Demetrium
983 2284 1200 2369 alamanus,
1224 2286 1315 2351 velut

163 2389 392 2473 Phavorinum,
404 2387 623 2475 Didymum³),
633 2389 853 2454 Ptolemaeum
872 2388 1125 2473 Hephaestionis
1140 2392 1203 2456 boc
1218 2393 1315 2459 modo

163 2497 392 2581 biographicos
417 2499 576 2561 tractasse
599 2497 739 2580 putavit,
767 2495 915 2560 Dioclem
939 2518 959 2560 a
981 2495 1171 2562 Nietzschio
1195 2499 1316 2564 iniuria

164 2604 369 2689 suppositum
394 2604 558 2688 expunxit.

253 2711 299 2774 At
322 2711 420 2793 eham
441 2710 625 2776 Volkmann
649 2709 871 2794 praeiudicata
893 2708 961 2773 fere
983 2709 1134 2793 opinione
1158 2711 1316 2797 abreptus
1363 2756 1366 2761 -

163 2818 259 2882 nimis
288 2818 484 2882 confidenter
512 2840 579 2882 rem
608 2817 773 2900 tractavit,
804 2838 875 2881 cum
906 2816 1047 2901 primum
1076 2814 1209 2882 Suidam
1240 2842 1317 2905 quo·

164 2946 225 3008 que
256 2925 290 2989 in
317 2923 482 2988 nonnullis
511 2924 585 2988 vitis
615 2924 849 2989 commenticiis
879 2922 960 2987 talia
987 2923 1120 2988 finxisse
1143 2925 1317 3012 constet⁴)‚

165 3031 279 3096 deinde
303 3032 402 3099 etiam
424 3030 661 3113 Hieronymum
686 3030 724 3094 de
749 3030 826 3094 viris
850 3030 896 3094 ill.
921 3053 948 3096 v.
967 3028 1075 3094 Iustus
1095 3029 1166 3095 Tib.
1191 3030 1233 3117 (c.
1262 3032 1316 3119 14)

164 3140 197 3201 et
227 3161 254 3202 v.
281 3136 447 3202 Modestus
480 3136 520 3221 (c.
544 3135 601 3222 32)
629 3137 728 3201 verba
760 3142 788 3202 et
819 3138 882 3218 ipse
910 3118 1082 3222 (Sophron.
1106 3135 1161 3202 καί
1197 3135 1316 3225 αύτός)

164 3265 338 3330 usurpasse
360 3247 474 3308 notum
498 3244 550 3328 sit,
573 3266 768 3330 quamquam
790 3245 873 3317 liber
897 3244 964 3309 eius
987 3243 1132 3309 ordinem
1151 3245 1315 3312 librorum

164 3349 238 3433 περὶ
262 3346 452 3436 ὁμωνύμων
475 3373 539 3415 non
563 3351 709 3434 sequitur
732 3347 785 3436 (of.
801 3373 883 3435 quae
907 3350 973 3414 dixi
998 3350 1115 3417 Annal.
1129 3351 1208 3436 phil.
1228 3354 1338 3423 1880,

164 3481 195 3542 p.
210 3460 274 3523 822
302 3455 393 3544 not).
438 3457 660 3523 Nihilominus
689 3461 798 3522 autem
828 3457 866 3520 de
894 3458 976 3522 libro
1005 3455 1080 3542 περὶ
1109 3451 1316 3542 ὁμωνύμων,

142 3565 254 3630 ‘fonte
277 3564 446 3648 Hesychii‚
474 3565 617 3629 dubitari
644 3565 770 3650 nequit,
797 3567 906 3649 potest
933 3564 1063 3649 quidem
1087 3565 1126 3629 de
1154 3562 1318 3631 Demetrii

238 3735 264 3800 1)
291 3732 399 3786 Nomen
428 3735 589 3801 corrupt-um
617 3747 677 3786 esse
706 3730 828 3785 constat:
855 3725 1010 3799 Ἀρηεσφῶν
1038 3729 1117 3798 libri,
1144 3726 1318 3800 Ἀργεσιφῶν

165 3810 196 3867 Ο,
213 3810 365 3865 Schneider
383 3811 459 3879 apud
473 3812 664 3866 Nietzsehium
683 3812 701 3866 l.
718 3828 740 3866 o.
756 3814 785 3866 et
799 3811 828 3866 C.
843 3808 906 3863 Keil
920 3825 964 3878 ap.
980 3808 1149 3864 Volkmann.
1163 3829 1192 3880 p.
1207 3811 1231 3865 X
1247 3816 1317 3880 not,

163 3886 312 3960 Ἀγεσιφῶν
326 3891 432 3960 Rohde‚
443 3892 512 3947 Mus.
525 3893 613 3947 Rhen.
624 3891 739 3946 XXXIV
751 3908 777 3960 p.
786 3897 837 3946 621
853 3891 925 3957 not.;
939 3889 1054 3945 nomina
1068 3891 1197 3947 confudit
1210 3892 1317 3960 Maass,

166 3971 257 4041 Biogr.
277 3989 303 4040 p.
319 3976 353 4025 54
372 3973 429 4026 not.

236 4052 263 4118 2)
283 4048 378 4104 Addas
398 4048 467 4105 Eud.
487 4069 513 4120 p.
530 4057 582 4104 443
602 4049 728 4119 Κόριννα
749 4046 831 4120 ἕτίρα
852 4083 883 4091 -
903 4049 962 4104 καὶ
979 4047 1073 4120 αὕτη.

235 4134 262 4199 3)
287 4129 342 4184 Sed
360 4129 511 4198 Didymum
530 4146 626 4185 eorum
644 4134 754 4185 tantum
774 4132 921 4187 nonnullos
945 4130 1147 4200 composuisse,
1170 4132 1220 4198 qui
1238 4133 1316 4201 apud

164 4211 305 4267 scaenicos
331 4226 445 4280 graecos
476 4212 664 4278 occurrerent,
692 4210 885 4267 Ptolemaeum
909 4211 1074 4266 ementitum
1098 4226 1160 4265 esse
1183 4211 1317 4268 Homeri·

165 4309 260 4347 corum
279 4292 395 4344 heroum
415 4289 626 4359 cognominatos
645 4290 690 4359 (cf.
710 4291 791 4345 Phot.
811 4292 872 4347 eod.
894 4294 969 4360 190),
988 4293 1063 4346 reete
1081 4292 1191 4346 monuit
1210 4291 1317 4362 Maass,

167 4371 259 4442 Biogr.
279 4390 306 4441 p.
323 4377 356 4426 54
376 4372 432 4425 not.

237 4456 263 4520 4)
284 4450 483 4518 Quaestionem
502 4451 677 4519 perturbavit
696 4453 801 4522 baasa,
821 4452 913 4523 Biogr.
932 4470 959 4522 p.
977 4459 1035 4508 121.
